2856 4876
99 187 157 229 ΠΗ
609 186 814 241 murano,

190 360 284 438 Quod
307 359 419 426 dicunt
439 361 569 442 eosqui
591 365 692 444 agant
713 358 827 424 heroes
849 358 936 442 apud
959 359 1136 425 Homerum
1163 380 1233 426 esse
1256 359 1322 426 cla-

103 463 206 528 riores
226 470 259 528 et
283 465 386 546 magis
401 464 527 530 variata
543 485 655 529 eorum
674 463 811 544 ingenia,
834 469 948 528 contra
968 464 1003 528 in
1016 464 1155 529 Aeneide
1167 464 1323 530 obscuros

104 568 232 651 aliquos
262 567 381 633 versari
415 587 551 650 quorum
572 567 704 632 nomina
725 565 879 649 Virgilius
899 566 1043 648 finxerit3
1088 568 1116 632 si
1136 590 1247 633 eorum
1264 591 1323 634 nu-

104 692 237 749 merum,
260 691 398 754 quorum
418 670 550 753 aliquae
571 675 681 752 partes
698 671 825 734 suntin
843 671 984 737 Aeneide
1004 692 1217 752 recensemus,
1254 693 1322 738 ma-

105 796 201 857 guam
223 774 366 840 videmus
391 773 497 838 inesse
518 773 716 838 renotatam.
760 773 900 839 Attende
918 776 1058 840 Aeneam
1084 776 1118 839 et
1140 774 1324 855 Ascanium,

106 877 288 943 Evandrum
311 882 345 942 et
368 875 568 956 Pallantem,
588 874 779 942 Mezentium
809 883 843 943 et
867 878 1023 957 Lausum,
1044 878 1243 946 Turnum-ct
1263 880 1324 948 ea-

105 981 234 1045 millam.
278 979 371 1045 Adde
398 979 442 1044 ad
463 979 538 1059 hos,
573 977 630 1061 qui
658 979 779 1061 primas
813 985 923 1064 partes
950 988 1065 1065 agunt,
1094 983 1324 1065 Menestheum,

105 1083 297 1166 Messapum,
318 1083 518 1161 Aventinum,
536 1080 743 1158 Tarchonem,
767 1082 925 1161 Ufentem,
946 1085 1030 1151 adda
1051 1086 1219 1155 Anchisen.
1240 1087 1325 1153 addc

105 1187 270 1265 Latinum,
296 1188 460 1266 Amatam,
488 1184 671 1263 Lauiniam,
707 1185 791 1251 addc
817 1186 989 1266 Didonem,
1018 1190 1160 1267 Annam,
1185 1189 1325 1265 larbam,

106 1291 256 1367 Acesten,
283 1311 364 1374 quos
386 1310 512 1368 omnes,
538 1289 566 1354 si
589 1289 706 1354 attenti
727 1288 878 1371 legimus,
904 1292 1038 1375 proprio
1064 1292 1175 1375 aliquo
1194 1291 1323 1375 iugenio

106 1393 272 1476 praeditos
309 1413 378 1457 esse
421 1392 652 1476 cognoscimus.
696 1391 816 1469 Quodsi
850 1392 900 1458 illi
930 1414 988 1458 nec
1019 1393 1116 1459 lande
1145 1415 1204 1473 nec
1238 1395 1327 1461 lama

107 1502 200 1559 erant
221 1495 390 1561 inferiores
412 1496 468 1574 iis,
506 1495 659 1578 quisunt
681 1494 980 1578 apudlicmerum,
1017 1498 1097 1562 nihil
1123 1499 1251 1563 omnino
1282 1500 1325 1564 ad

107 1599 258 1663 carminis
280 1601 513 1681 praestantiam
541 1598 707 1664 homiuum
735 1599 791 1681 qui
815 1599 913 1664 iniis
939 1605 1041 1682 agunt
1066 1600 1202 1682 gloriam
1218 1603 1326 1668 ualere

107 1699 313 1766 arbitramur.
356 1703 468 1769 Nonne
496 1703 530 1768 in
559 1701 704 1767 historiis
728 1701 983 1767 Romanensibus
1011 1702 1141 1768 obscuri
1164 1725 1242 1770 sane
1265 1705 1325 1770 ho-

108 1804 209 1868 mines
240 1825 336 1887 agere
366 1806 472 1871 solent
497 1810 530 1871 et
556 1825 639 1888 quos
661 1825 825 1890 nunquam
852 1806 952 1871 fuisse
983 1807 1160 1872 certissima
1184 1809 1325 1872 scimus?

71 1924 79 1942 ⁸
108 1906 321 1972 Nihilominus
342 1914 450 1974 tamen
471 1909 534 1974 hae
552 1909 755 1975 narrationes
782 1929 881 1992 saepe
904 1914 1092 1992 pertentant
1117 1909 1241 1975 animos
1267 1932 1326 1977 no·

107 2015 194 2073 stros
213 2011 298 2074 omni
312 2031 427 2094 genere
439 2012 622 2094 affectuum,
642 2014 790 2097 angimur
804 2015 837 2078 et
857 2011 1032 2095 premimur
1047 2017 1144 2092 metu,
1164 2013 1326 2079 interdum

107 2111 149 2177 ad
171 2133 260 2195 spem
282 2116 449 2198 erigimur,
487 2118 630 2203 singulos
652 2137 762 2183 amore
785 2120 843 2182 aut
869 2114 943 2179 odio
969 2116 1207 2200 prosequimur,
1241 2138 1327 2181 mae·

107 2236 213 2280 remus
237 2238 310 2282 cunr
337 2218 403 2282 illis
429 2224 463 2284 et
492 2221 676 2305 gaudemus.
721 2220 837 2302 Itaque
857 2218 956 2283 etiam
980 2219 1014 2282 in
1031 2217 1159 2301 Virgilii
1184 2220 1326 2284 camnine

106 2339 171 2382 uon
191 2321 409 2401 quaerendum
429 2328 492 2404 est,
521 2346 618 2409 quam
638 2323 709 2389 noti
731 2324 798 2388 sint
824 2321 918 2386 nobis
943 2321 982 2401 ii,
1010 2340 1148 2404 quorum
1173 2342 1227 2386 res
1252 2343 1327 2386 nar·

108 2427 240 2501 rantur,
266 2423 323 2488 sed
346 2431 548 2509 quantopere
575 2427 722 2511 personis
751 2425 817 2491 suis
845 2424 985 2490 animam
1011 2429 1109 2506 poeta
1135 2423 1249 2490 afflare
1269 2446 1327 2508 po-

109 2524 221 2604 tuerit,
251 2531 289 2591 ut
308 2527 347 2592 iis
367 2529 423 2612 qui
440 2528 552 2610 legant
572 2550 642 2595 esse
664 2535 697 2594 et
714 2529 821 2594 vivere
838 2527 1015 2592 videantur.
1058 2525 1122 2592 Sed
1143 2526 1207 2592 hac
1230 2529 1263 2593 in
1283 2551 1328 2608 ra,

109 2633 266 2709 quantum
288 2629 442 2711 Virgilius
462 2633 672 2715 praestiterit,
694 2631 847 2696 iudicium
869 2632 908 2695 iis
929 2630 984 2713 qui
1005 2629 1177 2712 diligenter
1198 2652 1328 2697 carmen

109 2730 316 2814 perlegerunt
333 2751 371 2796 eo
393 2733 497 2815 magis
519 2735 765 2816 committimus,
801 2734 880 2819 quia
894 2733 1004 2815 'quale
1027 2733 1172 2797 futurum
1195 2736 1238 2800 sit
1262 2757 1328 2799 non

109 2854 262 2898 ueremur.

196 2938 294 3003 Recte
311 2940 482 3023 Virgilium
500 2960 564 3006 non
583 2960 622 3005 eo
646 2939 763 3005 docent
784 2939 956 3024 abreptum
984 2960 1053 3006 esse
1076 2938 1173 3004 animi
1202 2941 1329 3022 ardore,

111 3060 175 3122 quo
194 3042 262 3123 ipse
287 3044 481 3123 vinceretur,
513 3042 568 3108 sed
599 3049 687 3108 certo
715 3043 943 3107 cumconsilio
965 3048 1328 3126 temperassemoucnt3

112 3144 264 3225 quocirca
285 3146 311 3209 si
333 3149 385 3212 oui
406 3153 503 3230 pocta
522 3144 753 3228 improbandus
775 3165 844 3210 esse
857 3144 1015 3223 videatur,
1034 3146 1140 3209 iinon
1153 3147 1330 3210 assentien-

111 3253 173 3323 tur,
195 3249 249 3330 qui
273 3247 382 3315 furore
403 3251 542 3335 poetico,
562 3248 618 3332 qui
639 3247 772 3327 dicitur,
792 3252 958 3331 tamquam
980 3248 1084 3313 alieno
1104 3247 1244 3330 quodam
1265 3248 1330 3330 spi-

110 3349 177 3413 ritu
196 3350 440 3419 inflammandos
463 3374 533 3419 esse
553 3357 667 3436 poetas
688 3373 753 3417 non
774 3359 901 3436 putant,
924 3351 980 3417 sed
1000 3351 1034 3415 in
1054 3351 1168 3434 quovis
1187 3352 1330 3417 carmine

111 3453 190 3534 quid
225 3462 323 3536 poeta
361 3457 557 3539 spectaverit
593 3455 812 3539 quaerendum
846 3475 916 3520 esse
952 3453 1164 3536 praecipiunt.
1219 3454 1331 3537 Neque

110 3555 192 3619 illud
214 3559 397 3638 eonsilium,
418 3558 506 3642 quod
527 3579 627 3642 supra
648 3558 876 3634 indicavimus,
895 3557 1000 3621 solum
1020 3556 1094 3635 fuit,
1115 3555 1172 3620 sed
1192 3558 1331 3622 maxime

112 3659 172 3723 hoc
192 3661 221 3724 ei
243 3668 313 3726 erat
332 3663 542 3746 propositum,
561 3668 598 3726 ut
619 3660 770 3728 laudaret
790 3668 822 3727 et
843 3659 1023 3726 celebraret
1039 3660 1210 3724 Romanos.
1247 3659 1332 3724 Hinc

111 3935 309 4001 simplicissimo
341 3937 418 3988 modo
457 3939 525 3991 dicta
564 3945 640 3996 suut,
687 3943 718 3986 ut
756 3937 852 3988 mirum
888 3942 966 3995 esset,
1000 3933 1023 3985 si
1057 3933 1117 3997 quis
1150 3932 1209 3984 aliis
1244 3931 1331 3984 verbis

111 4021 226 4071 dixisset.
263 4024 351 4088 Neque
370 4024 438 4073 enirn
456 4024 484 4073 iu
502 4021 581 4074 rebus
600 4035 687 4086 neque
704 4020 731 4072 iu
745 4020 832 4073 verbis
851 4022 901 4071 iam
921 4027 961 4073 est
979 4018 1106 4078 imitatio,
1124 4015 1171 4066 ubi
1189 4016 1242 4068 duo
1260 4018 1330 4068 idern

112 4109 248 4173 proferunt
274 4109 426 4173 scriptores,
458 4123 506 4159 uec
534 4109 622 4159 statim
644 4106 685 4157 vel
711 4122 740 4157 er
767 4106 887 4158 lontibus
913 4106 952 4157 rel
975 4121 1004 4158 er
1032 4103 1157 4168 exemplis
1182 4103 1332 4169 sumpsisse

112 4195 236 4258 arguitur,
249 4195 271 4243 si
282 4194 341 4258 quis
353 4195 397 4258 qui
409 4193 478 4244 idem
490 4193 578 4254 relcrt,
588 4193 680 4244 iisdem
693 4191 777 4243 uerbis
790 4193 881 4243 utitur.
899 4192 938 4242 Ile
952 4207 982 4243 co
996 4189 1084 4242 studio
1099 4187 1232 4240 doctrinae
1243 4195 1332 4238 osten·

112 4279 206 4329 tuudue
233 4279 259 4328 iu
282 4278 496 4330 demonstrandis
522 4277 715 4329 imitationibus
743 4292 827 4343 rrurper
855 4279 952 4344 optime
984 4276 1037 4341 egit
1056 4275 1132 4326 illesa
1166 4275 1199 4324 ad
1232 4273 1330 4325 librum

114 4365 222 4416 Wezelii
242 4365 273 4415 dc
292 4366 320 4415 C.
338 4364 394 4414 Silii
413 4363 495 4414 ltaliri
520 4379 578 4415 cum
599 4361 731 4423 lontibus,
765 4364 827 4413 tum*
845 4362 977 4428 exemplis.
1013 4361 1081 4413 llub.
1099 4360 1115 4411 l.
1136 4361 1201 4412 Phil.
1222 4363 1286 4411 tatu
1306 4375 1332 4425 p.

112 4452 255 4501 tut-512.
290 4452 379 4513 Neque
398 4464 446 4514 ego
466 4447 511 4498 ubi
530 4452 602 4500 locos
621 4447 759 4514 parallelos
776 4448 922 4510 afferebam,
945 4448 1120 4498 imitationem
1138 4447 1262 4513 aliquam=
1274 4460 1333 4496 esse

111 4535 181 4585 volui
206 4537 344 4588 ostendere
365 4534 412 4586 sed
431 4534 540 4586 eundem
560 4533 697 4585 lcrmulum
716 4533 798 4586 luisse
817 4535 939 4586 usitatum
956 4540 983 4584 et
1002 4533 1072 4600 apud
1088 4533 1180 4600 plures
1199 4531 1333 4590 lurcniri.)
