2856 4876
167 170 228 231 102
588 170 618 219 Ρ.
635 166 786 221 vilitati
802 166 960 222 motii!

165 336 269 414 Quum
299 337 377 402 mihi
403 358 449 415 se,
476 358 540 403 non
566 341 644 403 ante
668 336 770 403 ortulis
794 342 864 402 tem
890 336 995 417 clera,
1024 336 1202 407 ridendam

166 421 292 487 Obtulit
318 430 350 489 et
376 442 459 507 pura
481 444 541 507 per
565 428 694 488 noctem
718 424 753 487 in
778 423 850 489 luce
875 422 1003 489 refulsit

166 508 260 572 Alma
285 530 416 593 parens,
442 510 589 575 confessa
614 508 708 575 deam
733 510 902 593 qualisque
929 508 1032 575 videri

166 594 335 660 Caelieoiis
360 602 394 660 et
418 601 541 679 quanta
568 594 668 675 soiet;
697 594 877 678 dextraque
901 596 1095 678 prehensum

167 679 332 746 Continuit
356 702 515 765 roseoque
542 681 624 747 haee
648 682 778 765 insuper
805 680 933 745 addidit
957 702 1030 747 ore:

164 766 263 847 Nate,
293 768 365 849 quis
391 768 565 833 indomitas
591 774 701 832 tantus
726 766 820 831 doior
848 768 969 833 excitat
991 768 1085 834 iras?

166 852 248 930 Quid
273 852 378 918 furis?
407 861 464 918 aut
489 874 629 937 quonam
657 854 759 917 nostri
785 853 845 917 tibi
871 874 949 919 eura
973 854 1130 919 recessit?

165 939 239 1003 Non
262 940 353 1023 prius
380 939 555 1023 adspicies,
587 939 643 1004 ubi
671 939 788 1004 fessum
815 946 922 1005 aetate
945 946 1111 1023 parentem

166 1024 313 1107 Liqueris
335 1025 517 1090 Anchisen?
544 1030 672 1109 superet
697 1026 874 1090 coniunxne
903 1025 1023 1091 Creusa

166 1110 385 1194 Ascaniusque
407 1112 509 1193 pueri
537 1133 619 1194 quos
645 1132 753 1175 omues
777 1112 919 1194 undique
945 1112 1064 1176 Graiae

167 1196 295 1261 Circum
319 1204 430 1262 errant
455 1198 553 1277 acies,
582 1202 630 1275 et,
656 1197 690 1260 ni
713 1218 785 1261 mea
809 1218 887 1261 eura
911 1198 1050 1277 resistat,

166 1283 235 1347 Iam
259 1282 406 1347 flammae
433 1284 566 1347 tulerint
591 1282 737 1347 inimicus
765 1288 797 1347 et
820 1284 964 1348 hauserit
992 1284 1085 1349 ensis.

166 1368 240 1433 Non
269 1368 330 1433 tibi
355 1368 545 1451 Tyndaridis
571 1367 670 1433 facies
699 1369 800 1433 invisa
827 1370 992 1434 Lacaenae

168 1454 360 1537 culpatusve
383 1454 487 1533 Paris,
515 1454 621 1519 divom
646 1455 859 1527 inelementia,
889 1454 994 1519 divom

167 1539 236 1603 Has
262 1539 376 1603 evertit
404 1560 479 1622 opes
508 1541 685 1622 sternitque
713 1561 733 1604 a
763 1540 898 1605 cuimine
927 1540 1064 1605 Troiam.

168 1624 307 1706 Adspice
331 1662 374 1672 —
398 1647 536 1707 itemque
564 1646 703 1705 omnent,
732 1646 815 1708 quac
841 1646 925 1691 nunc
954 1626 1096 1691 obducta
1119 1628 1236 1691 tuenti

169 1812 198 1847 ss
221 1810 333 1847 secutam
357 1813 417 1846 esse
438 1808 559 1856 raptarent
583 1806 761 1857 comprobaret,
797 1804 842 1849 iiei
872 1804 936 1849 enirn
968 1805 1065 1857 quantia
1093 1802 1245 1849 nominitant
1275 1818 1349 1865 appa

170 1872 274 1925 prodere
299 1869 421 1915 Troianos
452 1877 476 1914 et
505 1871 672 1925 Deiphobum
705 1878 761 1925 post
797 1876 878 1917 soient
896 1872 1001 1917 nominis
1021 1872 1123 1916 formant
1142 1880 1287 1921 assumere
1311 1884 1337 1923 et

169 1946 260 1989 autent,
278 1938 354 1992 prima
371 1937 454 1983 farore
472 1938 545 1997 tuito,
564 1942 764 1994 postquemiie-
797 1942 896 1985 ritatem
915 1940 946 1985 ci.
969 1939 994 1995 i,
1013 1938 1070 1983 tito.
1092 1960 1126 1969 —
1143 1934 1261 1999 dextra,
1289 1956 1342 2000 qua

169 2009 266 2051 neiaunt
290 2007 349 2051 vidit
371 2008 420 2051 atio
447 2007 528 2063 noire,
557 2008 652 2053 tristem
673 2008 761 2052 Troiae
796 2012 877 2053 tertam
895 2015 947 2053 erat
966 2009 1104 2053 occisurus.

168 2086 255 2119 essum
283 2076 442 2129 conspiciens
470 2084 494 2119 et
519 2076 624 2121 sceleris
652 2076 762 2125 conseia,
830 2075 889 2121 593.
909 2072 982 2121 Haec
999 2072 1105 2136 insuper
1121 2070 1237 2123 addidit
1256 2090 1349 2139 are,t

169 2146 379 2196 aestumatum
391 2152 465 2188 antea
475 2143 632 2189 maudaverat
642 2154 664 2189 et
673 2144 762 2187 Troiae
796 2146 829 2189 dit
847 2146 912 2189 dieta
929 2146 974 2199 iis,
991 2154 1055 2198 quae
1071 2143 1142 2197 iueit;
1167 2143 1185 2187 i.
1205 2156 1231 2190 e.
1250 2152 1349 2197 eantbt

168 2212 312 2257 intereuntis
327 2223 423 2257 caussa
439 2220 500 2263 crat,
517 2213 542 2257 in
563 2216 670 2256 obscuro
687 2212 764 2255 anxia
797 2222 923 2268 praeterea
943 2213 1008 2257 dicit.
1043 2212 1080 2257 ct.
1104 2210 1148 2263 ii,
1172 2210 1211 2256 tto
1236 2214 1349 2266 substiti

168 2282 254 2324 tatere.
289 2282 358 2334 Quae
373 2280 466 2323 timoris
479 2291 588 2325 caussae
600 2280 623 2323 si
636 2291 685 2324 non
700 2279 763 2323 iuis·
796 2278 897 2343 gemitu
915 2276 979 2325 itare
999 2276 1104 2325 addidit
1125 2275 1198 2323 aliae
1222 2314 1246 2327 ..
1292 2284 1340 2343 12,

168 2354 236 2401 sent,
261 2346 366 2392 teatinae
385 2349 433 2391 iam
454 2348 586 2392 timendum
605 2354 657 2391 erat
675 2347 699 2391 in
720 2348 763 2391 iiio
801 2346 989 2394 Macronem..
1011 2343 1113 2409 tinguit
1136 2350 1221 2407 atque
1244 2346 1349 2399 haeai

168 2415 287 2459 incensae
305 2422 329 2459 ot
346 2416 457 2469 direptae
474 2416 541 2460 uritis
557 2416 762 2459 terrore-Ae·
795 2428 842 2480 per
860 2412 954 2469 addit,-
972 2422 1108 2469 sequuntur
1125 2416 1207 2460 teriia
1225 2422 1261 2464 ab
1284 2422 1349 2469 eu

169 2494 242 2527 neam
261 2491 342 2527 autern
360 2483 385 2527 in
399 2485 517 2527 iieienant
536 2490 663 2537 tantopere
680 2484 761 2531 irasci,
829 2482 888 2530 594.
910 2480 975 2543 Quis
988 2480 1131 2529 indomitas
1146 2486 1245 2532 tarttar
1265 2485 1345 2539 sinin

170 2558 363 2595 consentaneam
380 2558 425 2594 est.
461 2552 610 2597 iraudandns
628 2556 679 2605 est,
697 2552 760 2603 quod
795 2548 859 2599 citat
877 2552 909 2596 ei.
928 2550 957 2603 6,
974 2551 1033 2597 otti.

169 2618 294 2673 oppressit
319 2618 454 2662 uiciscenrii
477 2620 630 2674 cupidinem,
654 2631 702 2663 non
723 2619 761 2662 ri·
829 2620 887 2666 595.
909 2616 994 2673 Furit,
1013 2631 1068 2664 naar
1088 2618 1230 2679 interest,
1250 2626 1338 2673 vim

168 2688 320 2742 inpotentius
344 2688 407 2739 aaoti
429 2696 460 2730 ea
485 2688 573 2740 cupido
597 2687 699 2731 exstitit.
727 2708 761 2718 -
795 2698 842 2733 tent
856 2701 929 2733 ruere
942 2689 966 2732 iu
980 2688 1091 2732 ntuiieris
1101 2686 1293 2735 interitum-
1312 2690 1349 2741 x.

169 2755 196 2800 si
212 2762 292 2800 autem
310 2754 335 2799 iti
354 2766 444 2799 versus
460 2758 584 2808 tonantur,
601 2754 643 2808 qut
659 2760 762 2809 restant,
796 2769 851 2802 nam
875 2758 897 2802 si
913 2756 1016 2801 Ascanii
1039 2762 1064 2800 et
1083 2754 1214 2801 Aneitisae
1242 2772 1335 2810 eura.

168 2836 217 2869 non
245 2827 392 2875 conaerent;
424 2834 504 2876 aeone
534 2818 593 2884 qais
620 2818 762 2867 indomitur
796 2829 882 2882 tranet,
909 2828 1048 2869 trutinabat
1068 2822 1188 2881 veneris,
1221 2831 1269 2875 eui
1296 2832 1333 2879 iiii

168 2896 260 2937 tantae
277 2887 353 2937 dator
376 2886 472 2936 ereitat
495 2887 552 2935 irae
569 2892 599 2935 ad
617 2891 691 2935 utiam
710 2902 761 2934 rem
795 2902 861 2939 sunt.
897 2892 933 2939 (Ὗ.
955 2892 978 2949 i,
995 2891 1055 2937 rot.

169 2968 249 3014 petest
268 2958 366 3009 reterri,
392 2970 462 3012 quarn
481 2962 511 3004 nti
533 2960 599 3003 iiiam
619 2960 649 3002 de
666 2961 761 3003 iieiena
829 2960 887 3005 596.
911 2956 968 3005 Non
988 2972 1044 3005 eunt
1067 2959 1148 3003 tuturo
1168 2970 1217 3012 pro
1237 2977 1343 3025 nonne,

168 3028 347 3082 uenationem
364 3038 444 3080 neque
459 3030 543 3072 i'enus
559 3027 716 3072 festinantem
731 3028 761 3071 ed
796 3030 886 3073 aeriter
901 3029 1043 3082 quaerentis
1060 3036 1083 3072 et
1099 3026 1171 3081 quasi
1191 3035 1349 3083 extenuas

169 3096 271 3150 patriam
290 3097 385 3140 damant
405 3096 508 3140 Aenean
525 3102 552 3141 ιιι
571 3094 700 3141 festinaret
717 3097 762 3138 ati-
797 3099 847 3143 cie.
866 3101 932 3141 snm.
956 3096 984 3151 5,
1013 3094 1042 3140 tt
1067 3092 1105 3140 ‘tu
1128 3090 1202 3141 sciria
1226 3110 1331 3163 apem

169 3168 271 3209 itortans
291 3164 399 3209 efiiceret
421 3164 501 3217 atiud,
527 3174 600 3217 quam
619 3171 644 3208 ut
662 3174 762 3216 operam
798 3161 907 3219 uidebis,
936 3160 981 3225 qui
1006 3167 1112 3225 propter
1135 3175 1252 3213 acumen
1283 3168 1349 3219 omi

169 3234 280 3286 perderet
299 3243 405 3285 euntque
428 3234 570 3277 retardaret.
607 3232 698 3277 contre
717 3242 763 3284 ap·
797 3230 863 3278 rima
887 3225 1033 3293 perspicit?
1068 3234 1096 3275 tu
1122 3244 1173 3275 aaa
1205 3231 1349 3305 intelligar

169 3301 280 3346 tissimus
303 3308 341 3345 est
363 3300 402 3344 irie
422 3301 527 3345 Veneris
547 3301 713 3353 interventus,
740 3298 763 3343 si
797 3297 908 3363 querelis
924 3295 1086 3362 quotidianis
1101 3294 1168 3343 sitit
1185 3302 1342 3365 profit-mi

170 3380 261 3415 versus
280 3370 422 3413 retinentur.
463 3364 524 3412 Wd.
547 3380 639 3412 versus
659 3378 675 3412 tt
692 3367 762 3417 vatio
797 3394 830 3401 —-
854 3365 894 3413 Da
914 3364 985 3414 trirri
1000 3362 1070 3412 triciti
1087 3362 1226 3414 nesseden?
1257 3374 1349 3441 Αᾱφῡ

169 3438 322 3491 compositos
340 3437 470 3489 statimque
490 3438 585 3480 dinetus
603 3443 671 3489 putat
689 3446 762 3487 quum
796 3450 827 3482 eo
850 3437 970 3489 consitio,
997 3442 1022 3481 ut
1044 3446 1245 3497 cognoscamus,
1278 3456 1349 3501 qm

168 3504 200 3549 iis
224 3507 333 3551 Aeneam
357 3517 408 3549 nan
435 3505 561 3550 honestari
588 3503 763 3555 intellexisset,
797 3520 826 3551 st·
853 3518 895 3551 res
920 3505 1003 3557 attqas
1027 3507 1127 3557 tranent,
1159 3516 1322 3565 quamquam
1343 3524 1349 3559 t

169 3573 251 3627 itaque
268 3574 344 3617 etiam
368 3576 485 3618 aiueca
506 3580 528 3617 et
547 3572 622 3617 Vario
644 3573 762 3616 omissos,
796 3575 884 3623 iratior
908 3574 981 3617 etiarn
1006 3584 1045 3627 ap.
1070 3573 1147 3625 aiios,
1171 3582 1198 3617 nt
1218 3578 1279 3625 triv.
1298 3580 1345 3638 41,

174 3636 212 3685 Pi.
234 3642 300 3686 eiieit
319 3648 342 3686 et
359 3644 406 3686 itas
425 3648 449 3685 et
469 3652 492 3684 r.
515 3637 674 3695 otte-0233
698 3640 763 3684 eiicit
797 3642 886 3698 iegati,
910 3642 951 3694 qui
976 3642 1006 3684 de
1030 3640 1150 3685 Graeciae
1174 3650 1245 3690 statu
1273 3650 1349 3697 reim

169 3714 192 3752 et
209 3704 253 3754 Gr.
271 3709 312 3763 qui
328 3712 441 3755 incanam
458 3720 474 3754 a
489 3717 562 3763 poete
576 3710 685 3753 relictam
702 3720 763 3752 esse
798 3706 933 3755 Boeotiam
957 3712 981 3753 et
1009 3704 1138 3753 Eriboeam
1166 3707 1316 3774 adaptem
1337 3718 1349 3765 ιι

170 3778 762 3835 putataliquandnexpiendnm‚eamquepostea
797 3786 862 3825 sunt.
898 3776 935 3823 ci.
953 3774 999 3831 26,
1016 3775 1058 3821 51.
1092 3775 1138 3831 39,
1154 3774 1190 3821 itt
1208 3783 1243 3826 tri.

169 3848 200 3890 ab
218 3844 267 3889 aiio
287 3858 335 3890 suo
349 3850 427 3890 ittarte
445 3849 578 3900 expletam.
831 3844 889 3890 out.
911 3843 1038 3905 Sttpterat,
1056 3846 1079 3889 iu
1099 3844 1165 3888 viris
1180 3854 1222 3893 est
1239 3852 1278 3899 ei.
1294 3850 1349 3911 8,i

797 3939 829 3945 —
849 3910 976 3959 coniurat
994 3912 1025 3957 ei.
1047 3911 1092 3963 ta.
1107 3909 1165 3956 90⁴.

170 3959 325 4009 ost-634.
362 3961 452 4009 Venus
469 3958 585 4008 Aeneam
604 3958 712 4015 retinet,
735 3964 764 4006 ut
831 3980 889 4027 599·
908 3977 1002 4025 ,pem
1019 3982 1116 4033 mm·
1131 3978 1349 4037 „memma

169 4029 226 4078 suis
246 4036 383 4078 succurrat
399 4027 529 4085 hortatum
557 4026 662 4076 Troiani
679 4040 692 4074 n
710 4024 763 4075 diis
796 4046 902 4095 mma,
924 4072 957 4079 -
983 4044 1108 4093 spalmus·
1153 4050 1191 4093 Β,
1215 4058 1296 4103 mm
1318 4056 1349 4105 d·

349 4095 429 4146 distri
449 4101 584 4145 mmmm·
796 4118 838 4163 59.
856 4142 887 4148 --
907 4113 1028 4173 inierint,
1047 4118 1205 4175 stratuierint,
1228 4122 1265 4169 cf.
1286 4122 1345 4171 ω,

202 4185 261 4231 591.
285 4182 412 4243 confessa
432 4180 522 4237 desem
549 4182 580 4227 ei.
604 4181 653 4227 549
675 4191 697 4226 et
717 4186 762 4227 tir.
831 4186 889 4230 tittt).
909 4198 972 4246 qnos
990 4180 1107 4231 hauserit
1125 4182 1194 4230 casia
1210 4190 1244 4234 ei.
1267 4192 1314 4247 10,
1329 4190 1349 4239 si

168 4260 200 4303 ιιι.
224 4254 254 4311 3,
278 4255 287 4299 i
315 4250 379 4300 detis
401 4249 488 4312 posita
511 4246 621 4307 {aitaris
646 4246 765 4311 imagine
831 4253 888 4299 otti.
908 4258 960 4298 iton
986 4265 1049 4306 quse
1069 4253 1111 4297 tiiti
1131 4254 1216 4301 inrisa
1233 4268 1278 4306 est
1296 4264 1349 4309 neit

168 4320 242 4371 tauri
257 4320 507 4383 secansessuterni.
533 4315 764 4371 instintione
798 4336 843 4366 urse
869 4324 909 4375 qui
934 4323 1038 4366 ιιιιιιιὶιιιιι
1058 4324 1176 4367 maiorum
1198 4328 1279 4383 caipn
1297 4332 1349 4377 ιιιιι

168 4396 205 4439 est
228 4388 326 4439 Thetis.
366 4386 519 4445 Confessam
540 4383 706 4447 amplectitur
722 4382 765 4431 de·
798 4392 869 4435 Paris
890 4391 978 4434 'i'roiae
1006 4396 1155 4444 paraverunt
1181 4392 1325 4457 interitura,
1347 4414 1349 4439 :

167 4474 217 4507 ras.
252 4461 294 4521 tt,
310 4458 360 4505 601
379 4451 476 4519 Apoiia
488 4453 580 4511 sarran
598 4451 682 4507 deum,
700 4457 764 4501 aiios
798 4461 899 4504 deorum
917 4459 1080 4503 itteiententiu.

169 4538 265 4585 poetas.
295 4554 327 4560 -
357 4520 445 4589 qualis
472 4526 496 4569 et
523 4526 623 4584 quanta
650 4523 681 4567 ei.
705 4522 764 4569 tta.
832 4525 890 4573 ott-1,
909 4527 1349 4581 Acuitt‘enusmartaiessienem
