2856 4876
579 191 786 245 ruiturmo.
1254 192 1295 233 Π

63 386 229 450 nunquam
249 369 376 430 11111111
398 368 487 442 sunt,
516 383 593 429 sene
623 362 794 430 dolendum
819 369 877 432 est.
920 364 1014 430 Hunc
1034 364 1135 449 igitur
1152 366 1296 433 Serrium

64 469 308 555 diligentissime
330 466 409 550 legi,
446 471 479 532 et
508 486 619 531 omnes
644 472 814 551 praeterea
832 467 933 534 libros
967 473 1001 533 et
1026 469 1234 554 antiquorum
1263 475 1296 535 et

65 574 295 651 recentiorum,
317 571 374 655 qui
394 575 454 636 eut
477 556 607 635 carmen
627 569 847 654 explicabant,
874 575 933 636 6111
954 570 996 636 ed
1018 573 1171 638 carminis
1192 573 1295 654 expli-

65 677 227 744 cationem
247 673 394 739 conferre
413 671 614 752 videbantur,
635 680 796 757 quotquot
817 675 919 759 potui,
941 675 1086 757 congessi
1106 681 1140 741 et
1161 676 1293 742 contuli.

69 780 208 867 (Omissa
228 783 305 842 sunt
324 777 442 860 alique,
463 777 496 841 in
516 775 633 859 quibus
653 777 762 860 agitur
783 777 823 843 de
839 778 966 844 ratione
978 777 1192 862 interpretum
1211 780 1292 845 olio-

71 905 145 951 rum
161 880 421 963 leudundorum.)

156 985 260 1052 Vitem
278 983 406 1068 Virgilii
427 1000 579 1048 enarrare
592 1002 695 1065 neque
716 1002 798 1066 opus
819 1002 889 1048 esse
910 982 1081 1049 videbatur
1100 983 1144 1049 ad
1165 1005 1295 1051 carmen

71 1088 309 1174 intelligendum
329 1090 404 1170 post
420 1105 468 1165 eo,
489 1105 572 1169 queo
591 1084 746 1165 dixeram,
767 1106 922 1170 nequeex
935 1087 1076 1154 Aeneide
1094 1093 1172 1168 11111,
1192 1108 1292 1170 quom

68 1214 109 1260 ex
127 1193 244 1260 ceteris
264 1192 331 1257 eius
352 1188 505 1274 operibus
525 1193 573 1253 est
586 1187 791 1254 declaranda.
835 1189 951 1274 Itaque
971 1191 1073 1256 omisi.
1122 1192 1166 1256 At
1190 1193 1295 1258 multe

67 1316 197 1382 possum
224 1293 342 1361 afferre
371 1293 448 1374 alia,
484 1312 569 1375 quae
595 1291 756 1357 factorum
779 1312 925 1358 meorum
950 1293 1091 1360 reddent
1112 1295 1291 1376 rationem3

67 1399 124 1466 scd
152 1419 214 1464 nec
246 1397 325 1481 quid
353 1397 434 1463 mihi
462 1395 634 1481 profutura
664 1395 707 1460 sit
739 1394 837 1479 longe
872 1397 992 1477 cretio,
1039 1420 1099 1465 nec
1127 1399 1289 1483 quomodo

66 1503 216 1570 timorem
245 1522 351 1566 meum
375 1501 478 1566 multe
503 1497 665 1583 loquendo
690 1503 841 1564 excutere
872 1501 995 1584 possim
1026 1502 1106 1567 setis
1132 1502 1289 1585 intelligo.

67 1605 189 1687 Quodsi
204 1604 352 1688 Heynius
381 1604 496 1669 durem
518 1607 552 1668 et
582 1602 730 1684 iniquam
759 1608 893 1685 questus
922 1609 971 1669 est
998 1603 1186 1687 interpretis
1214 1626 1289 1669 con·

67 1709 235 1786 dicionem,
256 1707 284 1771 si
300 1707 371 1789 ipse
390 1726 483 1772 suum
500 1706 663 1788 ingenium
677 1726 786 1770 rerum
802 1705 929 1771 infinite
946 1706 1043 1789 copia
1059 1728 1290 1791 nonnunquam

67 1813 219 1881 obtusum
238 1829 309 1874 esse
329 1808 493 1874 confessus
516 1815 576 1888 est,
597 1813 720 1894 quanto
738 1807 774 1872 id
796 1809 926 1894 saepius
946 1810 1026 1876 mihi
1048 1811 1205 1878 eccidisse
1229 1813 1292 1878 viri

68 1914 162 1983 docti
181 1912 353 1993 reperient.
