2856 4876
58 33 270 145 ιι.

260 52 264 59 ι

224 138 245 151 *-

247 148 255 155 ι.

178 318 228 362 ..ra
250 303 317 361 tum
340 298 455 380 positis
475 298 643 364 mitescent
664 300 793 364 saccula
810 298 918 365 bellis:

104 407 192 451 caua
208 383 304 449 Fides
327 390 360 448 ct
380 385 494 464 Vesta,
513 386 612 449 Remo
636 405 708 448 cum
728 385 830 450 fratre
846 387 998 463 Quirinus

100 472 180 536 Iura
201 469 339 549 dabuut3
358 469 448 535 dirae
467 470 553 535 ferro
575 478 608 536 et
630 471 839 554 compagibus
862 474 943 537 artis

102 556 300 624 claudentur
317 556 399 620 Belli
419 564 546 639 portae3
566 557 668 621 Furor
689 558 806 640 impius
824 559 910 622 intus

102 642 206 710 Saeva
226 641 338 705 sedens
357 664 452 724 super
474 664 564 707 arma
587 649 619 707 et
636 649 763 707 centurn
783 644 907 708 vinctus
926 642 1015 707 aenis
1260 649 1322 710 295

100 729 181 795 Post
201 733 328 810 tergum
351 728 459 806 nodis,
481 729 596 793 fremet
615 729 764 793 horridus
785 751 840 793 ore
861 734 1003 794 cruento.

187 813 276 878 Haeo
293 815 340 877 ait
360 820 393 877 et
412 814 499 878 biaia
522 815 663 896 genitum
683 815 824 880 demittit
846 815 888 881 ab
910 815 986 893 aito,

102 898 149 964 Ut
171 904 277 963 terrae
299 905 398 981 utque
418 920 520 965 novae
540 906 674 983 pateant
692 901 894 984 cartilaginis
915 922 1006 966 arces

101 984 253 1067 Hospitio
274 984 418 1066 Teucris,
440 1006 479 1049 ue
499 986 559 1051 fati
578 988 689 1052 nescia
708 987 792 1051 Dido

103 1070 234 1135 Finibus
256 1077 389 1135 arceret.
434 1072 532 1136 Volat
548 1072 603 1136 iile
624 1095 681 1155 pcr
699 1094 775 1136 aera
797 1092 947 1154 magnum

102 1156 246 1239 Remigio
266 1156 406 1235 alarum,
428 1178 466 1221 ac
486 1158 606 1242 Libyae
626 1160 707 1223 citus
728 1159 856 1222 adstitit
876 1158 950 1221 orio.

101 1242 146 1307 Et
163 1243 229 1307 iam
245 1243 332 1307 iussa
352 1243 443 1322 facit,
461 1252 646 1328 ponuntque
667 1245 788 1309 ferocia
805 1245 903 1308 Poeni

564 118 738 181 aeternos
756 132 823 183 nra.
841 132 863 185 1.

106 1430 180 1480 sotir
197 1432 249 1480 inor
263 1432 471 1482 nunoudsuecce
487 1434 583 1483 uocari.
623 1434 696 1484 i'otir
729 1446 767 1483 tur
783 1444 804 1482 et
821 1437 944 1481 internam.
981 1436 1016 1481 Ci.
1033 1435 1118 1480 Simile
1135 1446 1174 1490 ap.
1190 1436 1321 1490 Caipsic.

100 1504 143 1557 qui
163 1512 275 1555 vocatur.
299 1508 418 1550 deusest.
733 1504 759 1555 1.
782 1503 822 1550 to.
844 1528 872 1536 -
897 1501 979 1549 Furor
996 1517 1050 1549 eum
1069 1504 1136 1549 Bello
1154 1505 1283 1550 inciuditur
1300 1512 1322 1550 et

137 1569 194 1616 zat.
214 1576 283 1617 tum:
301 1580 414 1627 regnante
426 1574 543 1625 numero.
559 1597 587 1605 -
599 1570 695 1633 beilum
730 1575 848 1619 vincitur.
873 1580 897 1617 ut
913 1576 976 1626 apud
994 1573 1094 1617 Statium
1111 1579 1147 1617 est
1163 1573 1323 1619 interitionis

99 1651 197 1701 ponere
213 1641 243 1686 et.
261 1640 289 1693 tt,
308 1640 364 1685 ese.
730 1644 829 1688 courtier
847 1643 947 1694 eiuauue
964 1641 1175 1685 incatenantur.
1211 1641 1247 1686 Gt.
1272 1638 1324 1686 Vor

137 1705 194 1753 292.
218 1705 292 1753 Canu
314 1705 390 1753 Fides
412 1709 428 1752 i.
452 1722 473 1753 e.
497 1711 590 1765 prisca,
615 1710 697 1764 qualis
731 1707 782 1756 deu
803 1705 905 1754 'iborea
929 1705 1053 1770 gesesaeit
1074 1705 1145 1769 tiege
1167 1703 1212 1753 des
1229 1706 1325 1755 Strct'te

101 1776 221 1823 maiorum
245 1774 298 1821 tuit.
346 1777 374 1819 ai
400 1779 455 1820 aibo
481 1788 561 1830 pauno
586 1778 697 1823 involuta
731 1772 1005 1838 ocdiongenitouriger
1043 1771 1178 1820 Subertani.
1232 1772 1323 1821 scitu.

102 1856 177 1889 manu
195 1844 376 1888 uaerineanaror
392 1845 421 1889 ci.
442 1846 497 1889 ilor.
517 1848 543 1889 c.
566 1842 586 1902 i,
605 1844 645 1897 83,
664 1843 693 1889 at
734 1843 825 1890 iiruut.
862 1847 1008 1896 expressam
1023 1845 1151 1899 imaginum
1168 1845 1239 1889 vides
1255 1846 1324 1891 iiiios

107 1908 145 1955 'i'e
159 1907 224 1970 Sper
238 1914 262 1953 et
276 1906 335 1954 cibo
354 1922 415 1953 roro
432 1907 509 1956 Fiden
525 1907 586 1957 coiit
603 1910 697 1956 1¹'etuto
730 1914 855 1965 temporis,
877 1924 923 1965 uuo
945 1912 1083 1965 respublica
1100 1918 1182 1965 optata
1202 1912 1325 1958 mutabatur

102 1989 210 2039 panum
230 1977 331 2031 elusone
352 1981 464 2032 tempium
489 1985 511 2023 et
529 1983 606 2024 Numa
626 1979 696 2031 (triv.
731 1981 817 2034 quiete.
836 1980 904 2023 multi
923 1985 1091 2033 remanerent,
1109 1980 1325 2031 oniciviiiabeiia

106 2040 135 2095 1,
154 2040 193 2088 et.
227 2045 296 2089 Dion.
316 2047 369 2090 ilai.
389 2043 416 2102 2,
439 2050 515 2099 extr.)
534 2048 655 2092 constituit
674 2054 697 2092 et
731 2059 845 2092 revomere
874 2048 996 2091 studentes
1023 2050 1192 2093 coercebantur
1220 2050 1325 2101 potentia

105 2112 374 2158 continenciam.
393 2111 416 2170 t,
435 2112 474 2159 2³.
493 2138 521 2145 -
540 2117 617 2168 Quum
630 2127 697 2160 cuno
731 2116 845 2169 raugam.

102 2182 198 2225 dicatur
216 2182 292 2226 Vesta
310 2182 334 2238 t,
352 2178 408 2226 7⁴⁴.
432 2180 455 2235 a,
474 2179 522 2226 259
545 2184 618 2228 etiam
640 2187 663 2227 n.
680 2185 696 2227 i.
765 2180 823 2228 296.
842 2185 889 2227 Pro
907 2176 1029 2227 horridus
1044 2184 1099 2227 Rau
1115 2181 1177 2228 coni.
1196 2182 1285 2227 irritus.

101 2260 173 2294 cuno
196 2251 345 2295 adveutum
367 2251 513 2296 referendum
535 2258 578 2296 ost
623 2248 697 2296 Cano

100 2318 192 2363 dicitur
205 2314 308 2363 feritur
316 2320 411 2365 Atticen
421 2320 588 2373 philosophiae
598 2322 698 2365 alumna
731 2348 780 2399 297
788 2348 877 2397 -304

101 2397 142 2439 ap.
162 2387 230 2431 i'arr.
250 2390 299 2431 sat.
318 2387 346 2431 tr.
366 2383 410 2442 at,
433 2385 465 2429 29
484 2390 520 2432 ed.
543 2383 651 2441 (tettan
674 2395 697 2433 et
881 2384 886 2395 ’

101 2465 142 2508 ap.
163 2455 324 2499 Claudianum
343 2456 384 2499 iv.
404 2468 470 2501 cotra.
490 2458 550 2500 Hon.
569 2455 617 2498 50³
637 2457 697 2511 iegi-

101 2534 158 2567 mus
166 2518 473 2583 priscumqaercaumnnt
486 2519 605 2567 carutium
617 2521 697 2585 teger,
765 2518 821 2566 297.
840 2522 1004 2577 Malacinos,
1022 2523 1166 2575 Mercurius,
1183 2522 1250 2566 lovis
1262 2535 1324 2567 nun·

102 2598 129 2635 ιιι
148 2602 229 2635 currus
242 2591 274 2634 sit
289 2603 372 2647 purus,
389 2592 549 2646 incorruptus,
566 2592 696 2647 iniuratus,
730 2592 778 2635 tina
796 2597 834 2635 eat
851 2597 874 2635 et
891 2602 930 2643 ep.
949 2591 977 2634 ii.
996 2591 1038 2634 0d.
1057 2589 1085 2637 b.
1102 2587 1135 2633 28
1152 2597 1176 2634 et
1194 2592 1257 2644 apud
1274 2592 1323 2635 iio-

101 2667 195 2713 castua,
215 2666 321 2703 ιιιιιιιτιιιιι.
343 2683 370 2690 -
396 2656 475 2704 i'ertu
491 2660 520 2704 ei.
543 2656 566 2716 2,
585 2658 633 2704 296
652 2672 696 2705 an·
730 2671 815 2704 marios
833 2666 858 2703 ut
875 2670 914 2712 ap.
934 2660 1011 2703 Plaut.
1027 2659 1101 2703 stica.
1120 2655 1148 2709 2,
1170 2653 1196 2711 1,
1217 2656 1227 2701 l
1251 2654 1322 2703 Mer-

103 2727 240 2779 tinuiesima
262 2728 470 2783 religiosorum,
498 2730 565 2782 pacis
582 2730 697 2782 panisque
731 2724 819 2772 curius
839 2722 909 2771 Iovia
925 2722 970 2787 qui
986 2722 1098 2772 nuntius
1116 2721 1278 2787 perhibetur,
1301 2728 1324 2771 iu

103 2795 192 2839 artium
221 2806 326 2848 praeses.
368 2797 434 2848 Orrod
460 2800 519 2840 baec
545 2798 696 2850 potissimum
731 2791 776 2855 qni
800 2793 871 2849 seror
893 2792 978 2838 curtius
997 2788 1128 2838 homiuum
1148 2804 1208 2838 voce
1221 2791 1324 2851 format

105 2862 205 2906 rrrrmiua
223 2862 320 2916 profert.
344 2876 420 2909 carrea
442 2872 480 2908 eat
496 2872 520 2909 et
537 2867 598 2917 otrod
615 2878 697 2910 eorum
730 2872 757 2907 nt
774 2864 808 2906 ait
827 2863 940 2907 iioratiua
960 2863 985 2906 (ἵ.
1009 2860 1032 2915 i,
1054 2858 1097 2907 to.
1119 2857 1139 2905 1.

105 2930 131 2975 tn
150 2930 218 2982 pacis
235 2932 393 2986 descriptione
410 2934 602 2978 commemoratio
621 2934 697 2986 aptis·
766 2928 822 2974 298.
846 2927 957 2975 Patroni
975 2925 1046 2990 hosp.
1064 2931 1146 2974 eadem
1165 2930 1256 2974 ratione
1273 2931 1322 2976 dic·

106 2998 169 3041 sinna
189 3004 236 3053 eet,
265 3006 289 3044 et
313 3003 374 3054 orrod
402 3013 483 3045 eorum
508 3004 597 3054 tempta
625 3014 697 3055 prope
732 3006 794 3051 turn,
812 3010 860 3051 oua
876 2993 1011 3042 ciuodt'tur
1027 2993 1096 3041 orbis
1115 2995 1171 3042 233.

105 3067 179 3110 aedes
196 3067 302 3120 ,arguett
319 3068 344 3113 in
361 3070 455 3113 Palatio
471 3076 546 3113 erarii.
567 3092 596 3099 -
619 3064 697 3113 iiemo
766 3064 822 3110 299.
842 3066 903 3110 iiido
926 3077 988 3118 ortae
1015 3065 1091 3110 tatum
1112 3065 1246 3121 imminebat,
1277 3080 1324 3119 quo

104 3131 263 3192 cumfratre
280 3132 413 3193 Quirinus,
431 3138 446 3180 i.
463 3151 484 3181 e.
503 3140 572 3182 ambo
591 3137 625 3180 dii
641 3136 698 3182 iacti
732 3135 756 3178 iu
780 3135 876 3179 ltaliam
897 3134 1010 3179 Troianis
1033 3136 1137 3178 eundum
1159 3140 1223 3190 erat,
1252 3134 1324 3181 facite

104 3210 126 3247 et
150 3213 231 3248 amorre
255 3205 384 3255 coniuncti,
401 3208 513 3259 poputum
537 3217 608 3249 suum
633 3218 697 3249 rom·
731 3204 807 3257 potuit
828 3215 871 3247 eos
890 3213 907 3247 a
924 3202 1010 3246 tuitus
1034 3202 1088 3245 suis
1109 3212 1202 3251 arcere.
1228 3204 1323 3260 timens,

104 3272 170 3316 muni
194 3280 275 3328 regant
293 3273 401 3318 conuitio.
439 3276 500 3317 iliud
519 3280 609 3327 autem,
636 3275 697 3327 quod
732 3284 761 3315 ne
788 3275 868 3315 bootes
897 3276 978 3314 esseut
1010 3270 1117 3323 sociique
1148 3272 1324 3328 permotionis,

104 3339 202 3383 tratrem
225 3342 343 3384 Romulus
376 3342 473 3397 timidit,
504 3341 628 3395 piaculum
653 3348 698 3395 eat,
731 3352 791 3393 quoe
815 3344 841 3383 ut
859 3344 950 3384 arceret
971 3340 1082 3383 custodes
1106 3339 1131 3382 in
1154 3339 1225 3383 iitore
1242 3340 1324 3394 diepo-

104 3408 168 3460 quod
187 3410 300 3460 poputum
318 3409 452 3453 itomanam
472 3410 545 3453 etiarn
567 3410 641 3453 beliia
663 3410 697 3455 ci·
730 3414 819 3454 suerat.

105 3475 198 3518 vitibus
221 3474 310 3518 mersit.
351 3476 387 3520 Gi.
410 3479 467 3521 iior.
490 3478 562 3530 apoc.
591 3474 620 3525 7.
653 3473 696 3521 1⁷:
767 3473 823 3519 ³⁰0.
841 3476 1081 3535 puteant-meret.
1110 3475 1187 3528 orrum
1203 3477 1324 3529 praesenti

109 3536 207 3585 Acerba
222 3538 287 3597 satu
305 3536 438 3589 Romanor
455 3549 540 3606 agunt
558 3540 698 3605 «ireturque
732 3545 858 3597 historico,
880 3543 939 3596 ouria
956 3555 1072 3597 praesens
1090 3549 1127 3587 est
1146 3542 1232 3599 torma,
1262 3552 1324 3590 recte

99 3605 338 3666 septemdecem,
360 3606 371 3654 i
377 3607 391 3655 't
405 3608 562 3656 immerentis
573 3609 655 3673 fluxit
671 3609 699 3658 in
732 3623 860 3667 praesens,
886 3612 945 3664 auia
967 3612 1120 3665 praeteritum
1142 3618 1180 3655 eat
1202 3612 1324 3668 nigrities-

106 3680 204 3721 terrom
238 3671 313 3720 Remi
344 3675 424 3723 Socer
453 3675 588 3741 nepotibur
617 3692 699 3726 cruor.
732 3682 809 3731 tione,
846 3686 908 3725 recte
947 3680 1109 3733 imperfectum
1152 3681 1323 3733 arrbiuuuatur:

105 3746 186 3798 Quare
208 3745 231 3788 ei
254 3744 302 3788 iam
327 3747 441 3792 societate
462 3754 485 3793 et
507 3748 617 3793 amicitia
643 3762 699 3795 con-
733 3756 858 3801 utrumuue
882 3754 958 3802 potest
982 3749 1108 3804 coniungi:
1135 3750 1178 3792 acd
1201 3761 1323 3804 nimquam

106 3813 182 3858 iuued
212 3812 312 3867 tuerint,
344 3815 445 3860 laetiora
476 3817 557 3861 omnia
584 3818 701 3863 Romanis
732 3818 844 3862 variatur
871 3818 924 3860 aine
954 3817 1056 3862 consitio
1091 3816 1120 3861 et.
1149 3819 1189 3861 Gr.
1218 3818 1235 3873 S
1265 3814 1323 3864 463.

104 3882 225 3926 evenient.
737 3881 801 3930 itit:
824 3885 859 3930 ita
881 3885 970 3939 tangit:
1001 3879 1129 3940 demittit,
1159 3888 1188 3930 ut
1213 3888 1324 3947 pateant

140 3948 196 3994 293.
221 3944 325 3995 Dubitat
348 3958 371 3995 et
395 3951 465 3995 Fiden
489 3959 512 3996 et
535 3954 610 3999 Vesta
633 3962 655 3997 et
677 3968 697 3999 c.
738 3949 857 4004 Τειιιτιή
875 3966 907 3997 ne
925 3955 1036 4009 carcerei,
1055 3948 1127 3997 votur
1146 3975 1179 3984 ·-
1197 3951 1257 3997 oria.

106 4019 311 4071 nenioQuirinue.
341 4020 387 4063 Pro
401 4014 480 4064 Homo
497 4033 554 4066 eum
567 4020 655 4077 fratre
668 4019 697 4082 Q.
769 4019 824 4064 aot.
844 4018 955 4081 remigio
973 4017 1075 4065 olorum
1093 4020 1122 4065 ci.
1140 4023 1172 4065 ad
1190 4021 1218 4071 6,
1242 4019 1277 4066 ra.
1293 4044 1320 4051 -

103 4087 167 4132 coni.
191 4082 227 4130 Pi.
252 4083 336 4132 boma
355 4098 412 4132 crem
432 4092 492 4132 vute
514 4084 626 4147 eriritt'!
733 4086 800 4133 ritus
817 4085 922 4133 adstitit
939 4089 969 4134 ct.
988 4088 1015 4145 b,
1035 4085 1090 4133 137.
1158 4093 1325 4151 prostravitque:

140 4151 197 4198 294.
218 4150 289 4200 liciti
317 4158 411 4216 portae
438 4163 494 4201 aunt
524 4158 589 4211 iani,
628 4159 698 4203 euius
735 4153 791 4216 Quo
806 4164 842 4201 cst
860 4159 1036 4203 consecuticum
1057 4158 1088 4202 rt.
1106 4161 1144 4201 (tr.
1167 4154 1259 4209 sitiit.
1295 4159 1325 4200 Et

103 4224 220 4276 tempium
240 4234 263 4267 a.
286 4219 335 4266 72³
360 4230 382 4269 et
406 4220 455 4268 729
474 4228 585 4271 clausum
607 4232 645 4271 eat
666 4226 697 4271 ri.
732 4236 856 4270 reseras.
871 4224 919 4269 aaa
932 4238 983 4279 uoq.
1013 4227 1114 4275 Poenos,
1131 4225 1324 4280 crudoicsaiiae,

103 4287 129 4341 7,
149 4287 197 4333 607
210 4286 276 4334 -ib
292 4298 314 4336 et
332 4293 387 4337 Lis.
407 4288 429 4343 l,
448 4290 486 4337 ta.
524 4296 604 4347 Neque
619 4301 698 4340 tamen
734 4295 843 4338 ridemus
856 4308 902 4338 non
917 4296 968 4339 iure
979 4295 1083 4347 gentium
1098 4294 1231 4347 pereuriniu
1241 4292 1323 4337 atatim

104 4363 166 4404 naec
190 4359 224 4404 ita
247 4361 310 4405 dicta
332 4367 400 4409 sum.
427 4368 452 4405 ut
475 4363 505 4406 ud
530 4364 613 4407 tanum
635 4370 698 4408 certo
732 4362 819 4407 inferre
837 4371 933 4407 mortem
952 4364 994 4407 aed
1015 4364 1046 4406 ad
1070 4362 1178 4412 reatuum
1196 4362 1324 4406 concedere

102 4439 169 4473 anuo
188 4430 300 4474 clausurn
319 4429 467 4483 pertineant.
489 4432 532 4475 aed
554 4438 580 4475 ut
602 4432 698 4476 omnino
732 4432 834 4481 aditum,
852 4443 915 4483 auae
933 4443 981 4475 rem
1000 4430 1094 4475 iudicet.
1129 4430 1212 4483 ltaque
1229 4432 1324 4475 Mercu-

103 4506 189 4552 paoem
206 4502 230 4541 et
243 4503 370 4543 externam
387 4499 522 4545 restitutam
536 4512 592 4545 ease
608 4500 698 4546 indice·
732 4499 785 4545 rius
796 4498 896 4553 perfecit
910 4500 1015 4556 aliquid,
1033 4498 1096 4551 quod
1110 4504 1182 4551 negat
1198 4492 1260 4544 Wd.

929 2347 1075 2397 Mercurius
1096 2346 1201 2397 Aeneae
1223 2347 1256 2397 ad
1279 2348 1324 2399 ni-

872 2415 969 2465 douem
988 2422 1060 2481 purat
1076 2415 1185 2466 aditum.
