2856 4876
612 186 818 245 subrano.
1268 184 1327 227 ¹¹1¹

101 359 227 439 videar,
260 358 390 425 uberius
409 376 586 442 exponam,
615 357 672 424 sed
701 357 787 425 hanc
811 377 881 423 rem
900 361 1004 423 totam
1026 355 1214 421 transmitto
1234 356 1324 434 aliis;

101 464 125 531 ii
148 468 260 528 utrum
281 461 456 545 profuerim
476 466 594 546 poetae
616 482 716 527 necne
744 459 866 544 optimc
889 458 1089 526 iudicabunt
1131 459 1239 524 Meum
1258 479 1325 525 non

104 571 156 633 est
181 586 256 630 mea
283 563 473 648 praedicare
498 565 556 632 sed
588 564 769 631 defendere.
812 565 860 630 Ac
887 564 1027 648 primum
1059 561 1205 646 quidem,
1236 564 1324 647 quod

105 688 234 753 semper
255 667 297 733 lis
316 673 379 746 est,
406 669 479 752 plus
500 669 644 734 minusve
661 669 775 735 datum
793 669 837 732 sit
854 667 897 734 ab
917 667 1110 750 interprete,
1136 687 1271 750 peccare
1290 669 1324 734 in

105 777 324 856 campartem
345 772 447 836 satius
468 771 576 852 habui,
596 792 680 855 quae
705 777 777 837 erat
796 772 931 837 cautior.
973 770 1209 852 Nonnunquam
1226 773 1326 839 stiam

108 896 156 954 ea,
176 895 259 959 quae
279 874 471 941 videbantur
491 896 561 942 esse
582 873 693 941 facilia
712 875 893 955 intellectu,
916 877 1091 956 propterea
1111 880 1205 939 erant
1224 879 1325 960 expli·

109 979 224 1059 canda,
252 978 342 1062 quod
364 978 506 1043 virorum
529 977 715 1057 doctorum,
744 997 882 1062 quorum
914 975 1142 1041 auctoritatem
1164 979 1327 1062 negligere

108 1102 174 1147 non
196 1081 367 1162 debebam,
404 1081 470 1147 alia
497 1085 569 1147 erat
593 1081 775 1165 explicatio.
818 1079 917 1147 Verbi
949 1098 1064 1144 caussa
1090 1099 1188 1162 quum
1219 1084 1327 1152 scribo

107 1185 163 1266 IV,
186 1189 227 1250 33
248 1188 386 1271 proemia
415 1186 621 1251 Veneriorum
643 1186 724 1261 noti,
759 1183 853 1250 multi
878 1181 963 1248 hane
989 1182 1230 1249 annotationem
1257 1186 1328 1254 bre

108 1287 272 1353 vissimum
299 1287 342 1354 ad
368 1288 501 1353 modum
527 1287 665 1370 Minellii
686 1287 808 1354 factam
836 1286 953 1352 dicent.
997 1285 1060 1351 Sed
1084 1286 1162 1369 quid
1188 1288 1328 1359 facerem

109 1409 183 1472 ege,
209 1413 308 1475 quum
327 1391 583 1474 Peerlkampium
618 1397 686 1457 tres
707 1390 872 1456 columnas
899 1388 1077 1471 complesse
1106 1389 1257 1474 viderim,
1291 1401 1331 1462 ut

109 1493 196 1559 idem
216 1494 468 1575 demonstraret;
495 1515 593 1578 quam
620 1493 927 1560 demonstrationem
948 1497 1095 1576 repetere
1115 1514 1214 1577 quum
1232 1499 1330 1565 certis

111 1595 153 1661 de
173 1598 294 1664 caussis
317 1597 520 1677 abstinerem,
540 1596 631 1662 nolui
651 1603 761 1662 tamen
779 1596 922 1679 legentes
933 1594 1014 1662 duce
1027 1596 1154 1680 Ileynio
1169 1597 1330 1669 aberrare.

112 1700 228 1782 ltaque
255 1699 439 1784 siquando
468 1720 707 1784 supervacanea
734 1699 851 1766 afferre
874 1698 1022 1779 videbor,
1056 1699 1221 1783 gaudeb03
1259 1725 1331 1771 mea

113 1803 197 1869 enim
216 1803 376 1869 sententia
397 1803 446 1871 ita
465 1804 624 1888 probatur
643 1808 678 1869 et
696 1805 860 1869 contrarie.
876 1801 925 1867 ita
942 1802 1160 1886 improbatur,
1190 1811 1228 1871 ut
1250 1827 1332 1892 opus

112 1905 167 1970 rix
188 1904 287 1970 fuerit
307 1906 413 1971 verbis
434 1907 523 1972 meis.
566 1907 620 1972 Sic
637 1907 672 1971 L.
694 1906 785 1986 VIII,
807 1909 869 1970 505
894 1904 1021 1988 singrda
1043 1906 1142 1972 verba
1165 1910 1332 1992 explicari,

112 2013 151 2073 ut
160 2008 327 2073 reiicerem
333 2008 534 2091 Peerlkampi
547 2010 773 2088 coniecturam,
786 2007 842 2090 qui
851 2006 895 2071 ad
908 2027 979 2073 eam
991 2007 1155 2075 licentiam
1164 2015 1332 2095 processit,

112 2112 235 2176 utiam
253 2112 399 2194 superari
418 2116 571 2195 nequeat3
595 2112 689 2177 eiecit
711 2111 752 2175 cd
772 2132 827 2186 me,
850 2131 993 2174 coronam
1013 2125 1224 2198 summepere,
1245 2138 1331 2181 men-

114 2215 236 2302 dotque,
265 2220 303 2280 ut
322 2235 363 2280 ex
381 2214 516 2298 reliquis
537 2235 666 2280 versum
682 2213 807 2279 faceret
827 2211 890 2278 sibi
910 2211 1090 2296 probatum.
1133 2215 1230 2280 Nolui
1252 2218 1333 2285 talia

114 2317 260 2384 refellere
280 2318 391 2384 multis
408 2318 528 2400 verbis,
548 2318 701 2384 continua
723 2315 937 2400 explicatione
956 2317 1085 2400 Virgilii
1104 2317 1204 2383 verba
1224 2319 1332 2386 defen-

112 2419 189 2487 dere
210 2425 379 2487 contentus
400 2441 505 2504 eram3
546 2423 615 2488 eius
636 2426 747 2485 tamen
767 2418 906 2485 nominis
932 2425 982 2484 est
1001 2420 1256 2505 Peerlkampius,
1295 2430 1333 2490 ut

115 2544 187 2590 cum
206 2524 368 2608 negligere
385 2532 471 2592 esset
489 2524 673 2610 arrogantis
685 2525 747 2608 ¹⁰).
792 2524 893 2590 Caute
915 2522 1013 2589 etiam
1035 2524 1151 2605 omnia,
1172 2544 1255 2607 quae
1273 2528 1331 2593 alii

123 2698 223 2707 annm—-
233 2701 256 2706 .--
270 2702 524 2711 —----....—--.---·-.-

206 2818 250 2879 ¹⁰)
270 2818 374 2879 (Huius
390 2821 471 2867 artem
488 2816 616 2879 criticam,
643 2829 722 2881 quam
740 2821 889 2865 notaveram
907 2814 939 2865 ad
961 2815 1000 2877 12,
1019 2816 1075 2872 too,
1094 2821 1121 2864 ot
1140 2817 1256 2881 11‚537,
1276 2818 1334 2870 ubi-

117 2915 169 2968 que
187 2901 306 2953 relellere
328 2901 467 2952 eonsilium
487 2908 542 2952 erat
559 2902 586 2951 in
604 2900 644 2953 ed.
661 2899 760 2966 priore,
788 2897 836 2950 sed
858 2905 889 2948 ut
912 2913 1008 2951 nomen
1027 2901 1074 2951 vtri
1091 2902 1246 2953 omitterem.
1282 2903 1335 2956 Sed

117 2988 195 3040 doleo
215 3002 256 3039 me
276 2987 355 3036 nlmIs
374 2987 495 3038 modeste
514 2988 607 3054 egisse.
643 2984 764 3037 blutaudi
782 2983 853 3034 enim
870 2981 964 3041 llbido.
988 3000 1039 3050 qua
1058 2987 1166 3038 ardebat
1183 2987 1231 3047 Pl,
1250 3003 1335 3055 nuper

117 3080 205 3125 tantos
223 3072 284 3123 lecit
302 3085 469 3137 progressus,
486 3079 517 3123 ut
534 3078 620 3122 metus
639 3072 685 3132 sit,
704 3084 737 3121 ne
756 3067 885 3120 librorum
903 3070 969 3121 llas.
986 3069 1064 3123 tidem
1082 3078 1211 3138 pervertat
1226 3087 1335 3125 omnem

117 3165 224 3224 totaque
250 3155 296 3208 illa
330 3171 373 3208 ars
396 3156 593 3221 cognoscendae
624 3155 788 3220 antiquitatis
816 3155 844 3205 in
871 3161 1051 3220 contemptum
1077 3156 1164 3207 veniat
1189 3156 1336 3220 bominum,

117 3259 201 3312 quum
217 3240 418 3293 hariolationum
435 3241 554 3293 videatur
572 3255 631 3293 esse
648 3254 770 3308 campus,
799 3239 828 3290 in
850 3253 903 3304 quo
922 3246 1006 3292 carme
1021 3242 1129 3293 rationis
1147 3243 1186 3293 via
1201 3244 1237 3295 sit
1252 3245 1336 3307 nulla,

117 3329 260 3396 scriptores
279 3334 365 3378 autem
383 3327 485 3392 antiqui
503 3335 549 3378 aut
565 3328 601 3378 ita
619 3327 732 3393 perversi
750 3327 812 3388 siut,
844 3331 891 3376 aut
909 3339 999 3377 eorum
1018 3326 1115 3392 scripta
1135 3327 1171 3378 ita
1189 3329 1336 3402 deprqvata,

117 3421 149 3466 ut
169 3414 215 3480 qui
230 3413 300 3479 legat
316 3419 420 3478 tempus
440 3411 549 3478 perdere
566 3411 692 3464 videatur.
728 3409 893 3462 Obtunditur
911 3417 937 3463 et
955 3409 1112 3462 obscuretur
1128 3413 1194 3466 illud
1215 3417 1337 3483 antiquo-

117 3513 179 3552 rum
197 3499 344 3565 iugenlum,
359 3496 463 3548 dicendi
483 3512 526 3548 urs
545 3503 571 3547 et
581 3502 704 3548 venustas
722 3502 748 3547 et
766 3494 896 3547 sobdetas
912 3502 938 3546 et
955 3497 1119 3558 castimonia,
1139 3513 1191 3563 qua
1208 3509 1338 3553 nostrates

118 3583 250 3642 colantur,
275 3582 418 3646 tingantur,
442 3583 618 3633 moderentur.
655 3581 721 3632 broi
736 3583 817 3648 igitur
834 3582 877 3632 Pb·
892 3581 1056 3633 coniecturas
1075 3597 1181 3646 omnes,
1199 3592 1229 3636 ut
1246 3586 1337 3650 quales

117 3676 186 3735 stat,
206 3669 323 3736 legentes
341 3668 393 3733 ipsi
410 3668 535 3720 iudicent.
570 3666 708 3719 Accedunt
727 3667 881 3729 electiones,
906 3667 1082 3733 adlectIones,
1109 3670 1338 3737 transpositiones.

120 3757 208 3821 Atque
226 3755 253 3805 ln
277 3756 402 3808 tollendis
418 3752 539 3806 versibus
555 3754 677 3820 princeps
695 3759 736 3804 est
754 3753 899 3820 Gruppius,
921 3753 966 3818 qui
982 3754 1072 3805 Minos
1088 3770 1113 3821 p.
1133 3757 1166 3807 34
1184 3756 1217 3806 de
1233 3757 1275 3818 ils,
1292 3757 1339 3822 qui

121 3854 174 3890 non
192 3842 386 3893 assentiuntur:
407 3839 545 3903 „Anderm
564 3839 662 3903 inquit,
681 3837 747 3890 leblt
766 3838 863 3891 leinere
881 3838 1135 3906 Empt'a'nglicblreit,
1159 3839 1340 3892 Gevandtheit

120 3925 177 3977 und
205 3926 336 3978 Schtirte.“
388 3927 460 3977 Idem
488 3925 647 3975 semiversus
676 3924 761 3987 delet,
794 3940 876 3978 novos
902 3924 965 3976 lacit
993 3931 1106 3976 extrema
1131 3931 1204 3990 parte
1227 3924 1339 3981 sublata,

119 4012 236 4077 integros
254 4012 342 4063 inlert.
392 4013 446 4063 Nec
464 4008 546 4077 probo
562 4024 620 4060 eum
632 4012 759 4062 rationem
776 4024 854 4076 saepe
870 4010 1002 4074 adbiberi,
1025 4023 1077 4074 qua
1098 4023 1189 4061 versus
1207 4010 1257 4061 alio
1274 4010 1340 4070 loco,

118 4110 200 4163 quam
219 4112 272 4163 quo
288 4097 420 4163 leguntur,
439 4097 502 4164 poni
521 4095 624 4154 iubent;
643 4110 728 4161 neque
746 4095 899 4147 conceditur
920 4096 972 4146 utsl
988 4101 1063 4146 antea
1080 4094 1208 4161 probetur
1219 4109 1279 4146 eum
1297 4108 1340 4144 or-

119 4182 210 4234 dinem
229 4183 275 4248 qui
294 4191 335 4234 est
351 4190 420 4236 stare
430 4201 482 4236 non
494 4196 574 4250 posse
591 4195 638 4232 nec
649 4196 727 4248 posse
738 4195 796 4232 esse
813 4195 828 4231 a
844 4188 928 4247 poeta,
948 4179 1043 4233 delnde
1060 4180 1191 4246 quomodo
1203 4193 1342 4247 perversus

120 4269 169 4329 sit,
207 4267 305 4333 quibus
328 4269 468 4335 postulatis
491 4270 542 4320 nisi
569 4266 677 4328 satisfit,
701 4268 759 4318 vani
785 4274 849 4318 sunt
872 4274 981 4319 conatus
1004 4281 1094 4318 omnes
1116 4264 1255 4317 verborum
1286 4279 1344 4316 ntu-

119 4353 274 4413 tandorum,
293 4361 338 4405 ant
353 4355 404 4421 ipsi
422 4355 563 4421 scriptores
576 4368 629 4404 non
640 4353 712 4418 digni
730 4352 845 4404 habendi
862 4359 925 4403 sunt
943 4365 1029 4416 neque
1039 4350 1136 4412 idonei,
1153 4352 1198 4416 qni
1213 4350 1246 4401 ab
1257 4349 1341 4401 homi-

120 4435 216 4500 nibus,
236 4439 282 4503 qui
301 4455 371 4490 nune
385 4446 464 4500 sunt,
482 4440 610 4504 legantur.
646 4441 700 4490 Nec
715 4440 824 4500 mirum,
852 4437 941 4504 sperni
959 4450 1064 4487 omnem
1095 4436 1259 4501 untiquitatIs
1281 4437 1342 4488 dec-

122 4525 221 4576 trinam
244 4522 277 4576 ab
305 4525 353 4588 iis,
382 4527 428 4591 qui
451 4525 515 4577 haec
535 4524 649 4577 viderint
671 4530 717 4575 aut
739 4523 893 4576 audiverim
928 4524 967 4575 lle
988 4520 1037 4574 hac
1058 4525 1113 4572 arte
1136 4522 1231 4574 critica
1244 4530 1357 4575 eertum
