2856 4876
615 184 819 239 PRAEFATIO.
1290 179 1326 221 ¹1

111 352 201 432 tulit,
238 353 328 436 quod
367 375 495 423 carmen
529 357 751 441 imperfectum
791 356 953 422 hominum
984 355 1183 439 relinqueret
1221 353 1327 419 obtre-

110 456 297 540 certonia).
685 521 687 524 ,

197 558 303 627 Obiici
326 568 490 648 postremo
516 562 598 628 solet
618 563 754 645 Virgilio
776 563 877 628 nimia
902 562 1041 644 Augusti
1065 561 1220 627 adulatio.
1264 559 1328 626 Sed

107 661 261 729 adulator
280 685 345 730 non
366 665 520 731 dicendus
536 672 586 733 est
605 667 649 746 is,
679 668 736 749 qui
763 667 879 733 laudat
897 666 994 732 laude
1014 665 1120 749 digna.
1162 666 1232 731 Iam
1250 685 1326 730 vero

109 767 189 851 quid
218 768 351 834 laudat?
394 770 540 852 Augusto
570 777 725 854 regnante
754 772 923 854 imperium
959 789 1028 834 esse
1058 770 1247 848 maximum,
1283 768 1327 833 ad

109 869 262 956 Caspium
289 893 392 955 usque
415 880 447 939 et
473 872 688 957 Erythraeum
716 894 806 939 mare
831 880 976 952 auctum,
1010 873 1149 938 Parthos
1173 874 1328 938 victoriae

110 994 189 1040 snae
210 975 311 1058 signis
331 976 474 1042 remissis
494 977 597 1042 victos
619 998 653 1043 se
673 976 768 1043 fateri
797 984 831 1042 ct
855 997 969 1062 pacem
994 981 1116 1057 petere,
1154 982 1327 1060 antequam

109 1078 154 1144 ad
182 1100 275 1145 arma
304 1099 495 1144 concursum
519 1081 577 1161 sit,
604 1081 703 1146 Indos
724 1082 918 1164 legationem
937 1080 1079 1156 misisse,
1098 1079 1274 1163 Aethiopes
1295 1084 1329 1143 et

109 1179 236 1247 Arabes
253 1183 387 1261 tentari,
406 1182 488 1250 haec
509 1186 633 1265 omnia,
652 1205 759 1250 nonne
779 1206 852 1249 vere
873 1185 1075 1250 factasunt?
1118 1182 1242 1248 Deinde
1262 1183 1327 1246 Au·

110 1289 224 1366 gustus
243 1286 367 1351 civitati
387 1308 500 1370 pacem
521 1289 681 1367 restituit,
718 1288 851 1371 eiusque
870 1286 1013 1353 reddidit
1037 1284 1221 1364 commoda3
1263 1286 1327 1349 iam

109 1406 189 1470 agar
210 1388 389 1469 colebatur,
424 1397 609 1457 mercatura
625 1412 683 1476 per
710 1412 803 1456 omne
824 1391 997 1473 imperium
1015 1395 1088 1454 tuta
1108 1388 1328 1467 exercebatur,

108 1488 238 1555 iudiciis
258 1515 354 1577 saepe
371 1495 512 1578 partium
533 1495 640 1560 studio
661 1493 845 1577 depravatis
866 1495 1005 1578 pristina
1021 1493 1149 1560 reddita
1171 1497 1221 1558 est
1240 1511 1327 1556 sere·

109 1593 208 1675 ritas3
229 1598 465 1679 provinciarum
478 1597 635 1680 praefecti
646 1597 888 1676 coercebantur,
904 1597 1052 1662 omnibus
1067 1617 1173 1661 rerum
1197 1615 1328 1660 suarum

110 1697 200 1764 facta
221 1705 271 1766 est
289 1703 456 1780 securitas,
477 1701 599 1784 templa
607 1700 869 1780 restituebantur,
890 1700 1082 1765 colebantur
1100 1720 1203 1778 sacra,
1222 1717 1329 1762 mores

111 1801 374 1868 emendabantur.
418 1804 539 1882 Quodsi
564 1804 637 1887 quis
666 1808 787 1869 statum
816 1803 1014 1887 reipublicae
1043 1803 1196 1886 quiante
1220 1802 1329 1882 Augu-

109 1911 197 1970 stum
217 1911 250 1971 ct
269 1906 325 1988 qui
344 1926 383 1970 eo
403 1912 559 1988 regnante
581 1912 668 1986 erat,
701 1906 786 1970 inter
807 1926 841 1970 se
864 1905 1090 1991 comparabat,
1123 1904 1186 1968 nisi
1207 1903 1330 1968 liberae

111 2007 252 2074 cintatis
260 2010 422 2074 amoreita
431 2015 621 2075 occaecatus
629 2013 707 2089 erat,
715 2015 752 2074 ut
761 2008 1001 2091 rempublicam,
1015 2006 1329 2091 quaeantea,fuerat,

111 2163 380 2173 *nm—..-
387 2165 514 2173 ...ψ-...-

111 2250 228 2299 ea'aaimia
243 2250 368 2315 impense,
384 2255 419 2300 ut
434 2251 562 2311 Aeneida,
580 2267 663 2317 quam
677 2250 794 2301 nondum
812 2253 881 2299 actia
897 2249 1039 2310 attinuerat,
1061 2247 1204 2297 abolerent.
1222 2274 1256 2282 —-
1275 2245 1328 2305 (Ex

111 2331 152 2384 bia
169 2335 234 2384 satis
251 2343 373 2402 apparet,
405 2351 453 2387 cur
473 2343 550 2402 poeta
574 2351 642 2404 opus
664 2351 742 2388 suum
765 2334 885 2388 comburi
907 2334 1027 2385 volucrit.
1062 2333 1114 2385 Sed
1138 2333 1216 2383 etiarn
1237 2331 1264 2381 ln
1287 2331 1329 2382 bia

110 2419 224 2483 siugulis
239 2420 339 2488 diversa
360 2428 401 2474 est
417 2436 496 2488 saepe
514 2424 578 2474 ratio
597 2424 781 2490 interpretum,
807 2428 920 2486 atquae
938 2422 998 2484 quis
1014 2418 1179 2471 incommoda
1197 2418 1264 2469 dicto
1283 2416 1328 2467 ba·

109 2505 180 2567 beat,
197 2506 264 2557 alius
283 2522 377 2572 magna
397 2515 451 2558 arta
469 2509 573 2559 inventa
592 2516 618 2558 et
636 2509 747 2575 expolita
766 2506 913 2559 arbitretur.
949 2508 983 2557 Et
999 2519 1048 2557 nos
1064 2504 1146 2555 multa
1159 2511 1227 2555 recte
1240 2503 1329 2554 delerr-

111 2589 184 2641 dissc
215 2589 291 2642 nobis
320 2592 452 2654 ridemur,
482 2609 548 2660 quae
574 2592 618 2644 alii
641 2593 837 2645 damnaverunt.
872 2592 984 2643 blasima
1014 2591 1091 2641 etiam
1120 2587 1266 2641 adhibenda
1289 2593 1330 2637 est

111 2675 196 2726 cautio
214 2676 240 2726 in
260 2677 419 2729 coniecturis
439 2679 466 2729 in
480 2681 604 2741 caruitne,
619 2688 648 2729 ut
665 2685 772 2733 constat,
790 2676 907 2728 nondum
928 2676 1052 2743 perlecto.
1086 2676 1174 2741 Atque
1188 2673 1257 2739 quod
1271 2671 1330 2737 vgl.

110 2774 159 2827 per
181 2760 321 2812 duodecim
344 2761 426 2814 libros
452 2778 506 2815 rem
530 2779 606 2815 suam
631 2764 809 2830 disposuerat,
841 2762 936 2813 deinde
960 2762 1062 2827 singula
1094 2776 1141 2829 pro
1166 2759 1287 2811 facultate
1305 2764 1330 2808 et

111 2847 198 2898 animo
216 2847 330 2898 excoluit
347 2855 374 2899 et
387 2849 516 2914 expolivit.
543 2865 620 2901 ursae
636 2863 709 2900 more
726 2856 756 2899 ut
772 2850 829 2915 ipse
846 2849 949 2899 iocatus
964 2853 1014 2911 cst,
1031 2849 1110 2898 etiam
1128 2845 1194 2909 illud
1210 2844 1331 2908 sequitur

110 2947 163 2984 non
176 2946 256 3000 posse
273 2946 303 2983 er
321 2947 348 2984 re
365 2948 432 2998 quae
447 2935 474 2985 in
488 2935 556 2986 libro
573 2935 662 3000 aliquo
681 2940 848 2995 memoratur,
867 2933 899 2984 de
916 2939 1042 2998 temporo,
1062 2946 1114 2997 quo
1132 2930 1199 2981 liber
1215 2930 1329 2994 scriptus

112 3019 160 3075 sit,
192 3017 277 3068 ralere
303 3018 441 3069 rationem.
478 3019 535 3084 Vgl.
558 3020 627 3071 onim
651 3019 677 3070 iu
706 3020 819 3070 carmine
845 3017 1006 3069 emendando
1028 3030 1114 3081 usque
1136 3016 1166 3067 ad
1186 3021 1329 3066 extremum

111 3103 234 3170 spiritum
250 3108 383 3167 versatur,
400 3101 442 3154 bic
459 3104 513 3156 illic
530 3104 634 3170 singula
650 3104 744 3155 adiecit
759 3111 785 3155 et
804 3104 913 3154 novavit.
950 3103 993 3153 Sic
1012 3103 1032 3164 l,
1051 3102 1101 3152 286
1120 3099 1239 3151 Parthica
1257 3099 1329 3163 signu

111 3188 211 3241 reddita
230 3196 373 3248 memorat;
393 3187 494 3240 redditu
512 3196 575 3240 sunt
593 3204 615 3241 a.
634 3191 692 3253 rat,
709 3188 766 3256 lpse
786 3196 906 3240 mortuus
923 3202 945 3238 a.
961 3188 1019 3237 735.
1054 3186 1129 3237 Unde
1149 3186 1209 3251 quls
1228 3183 1330 3248 estqui

112 3274 175 3325 velit
204 3272 316 3339 probare
338 3273 435 3325 librum
458 3276 573 3341 primum
597 3275 725 3341 scriptum
748 3288 806 3325 essa
828 3281 943 3325 extremo
968 3273 1034 3323 ritae
1059 3269 1146 3323 annol
1182 3272 1216 3321 Et
1239 3269 1261 3321 si
1285 3269 1330 3334 qui

111 3359 172 3413 libri
190 3359 311 3427 praelecti
330 3358 442 3411 suntab
463 3359 521 3426 ipso
546 3368 637 3427 poeta,
669 3359 788 3410 noudum
813 3360 961 3419 coniicitur,
991 3357 1014 3406 el
1038 3364 1128 3423 postea
1150 3371 1202 3407 non
1223 3355 1331 3407 licuisse

112 3444 255 3509 quidquam
275 3452 385 3497 mutare.
422 3447 515 3511 ltaque
536 3454 704 3496 certamnen
724 3452 772 3506 cst,
790 3452 878 3496 utrum
897 3444 936 3506 id,
965 3441 1035 3508 quod
1053 3444 1085 3494 ad
1111 3441 1207 3493 lactum
1223 3441 1330 3507 aliquod

112 3528 245 3594 singulare
264 3531 388 3602 temporis
406 3531 448 3581 sui
468 3532 595 3597 pertinet,
614 3531 702 3581 statim
722 3545 804 3595 quum
823 3527 1011 3596 resipiscebat,
1034 3528 1165 3589 intulerit,
1191 3541 1222 3577 au
1241 3533 1332 3593 postea

113 3613 180 3664 libro
198 3615 249 3663 iarn
268 3613 396 3666 contecto.
432 3617 522 3680 Neque
541 3631 570 3666 er
590 3631 633 3677 eo,
660 3614 731 3680 quod
749 3617 770 3678 l,
789 3618 838 3667 286
857 3615 1015 3665 Octavianus
1033 3613 1130 3663 dieitur
1148 3612 1248 3663 Caesar
1264 3620 1291 3663 et
1307 3616 1331 3676 6,

112 3699 324 3765 rocstagnum
346 3700 458 3762 Caesar,
491 3702 517 3752 id
536 3702 669 3766 sequitur,
701 3699 773 3765 quod
793 3699 927 3750 concludit
945 3697 999 3762 lta,
1021 3698 1117 3748 librum
1136 3697 1252 3763 primum
1274 3713 1332 3750 esse

112 3787 250 3853 scriptum,
267 3792 406 3849 antequam
417 3787 578 3838 Octavianus
594 3787 681 3837 dictus
692 3783 922 3851 essetAugnstus;
944 3785 971 3833 iu
989 3783 1055 3849 ipsis
1071 3784 1140 3834 enim
1158 3783 1224 3834 loris
1241 3799 1332 3835 caussa

112 3873 189 3932 inest,
208 3879 237 3921 ut
256 3871 284 3921 in
301 3869 383 3922 altero
405 3880 464 3923 utro
482 3872 554 3923 aliud
572 3886 669 3922 nomeu
693 3878 782 3938 aptum
805 3871 848 3922 sit.
885 3873 975 3935 Neque
993 3869 1064 3934 quod
1082 3884 1104 3919 a.
1124 3870 1172 3920 726
1195 3870 1250 3920 lani
1266 3877 1331 3922 tem-

113 3959 187 4024 plum
208 3957 327 4008 clausum
351 3963 404 4022 cst,
435 3971 483 4008 nec
510 3957 580 4022 qnod
600 3957 758 4008 Octavianus
774 3958 841 4008 6-6
859 3955 928 4020 Aug.
949 3954 981 4005 de
997 3954 1133 4020 Cleopatra
1158 3955 1331 4021 triumpharit,

112 4043 247 4108 sequitur,
274 4041 306 4092 ad
322 4054 378 4092 eam
397 4041 559 4105 clausuram,
586 4044 619 4093 ad
641 4056 700 4092 eum
721 4041 884 4108 triumphurn
902 4038 979 4091 rerba
1001 4042 1026 4101 l,
1046 4040 1130 4091 289„
1142 4041 1175 4089 66
1193 4042 1331 4106 pertinere,

112 4126 159 4178 sed
177 4126 209 4178 ad
228 4135 324 4178 statum
343 4126 515 4194 reipublicae,
546 4142 612 4193 quae
632 4134 687 4178 crat
705 4125 755 4177 sub
773 4125 907 4190 Augusto,
936 4125 967 4176 ad
985 4140 1074 4191 pacem
1097 4138 1127 4175 ac
1157 4125 1331 4186 securitatem,

112 4226 192 4278 quam
212 4214 368 4266 restituerat.
404 4212 442 4265 Cl.
460 4212 579 4264 addenda
598 4213 629 4265 ad
653 4215 681 4275 9,
705 4213 763 4263 642.
799 4213 891 4276 ltaque
917 4225 987 4261 nunc
1009 4225 1058 4261 nec
1081 4224 1133 4275 quo
1157 4209 1249 4261 ordine
1283 4225 1332 4262 nec

112 4317 165 4367 quo
182 4314 251 4351 anuo
268 4298 329 4349 libri
347 4298 437 4365 scripti
454 4301 508 4349 sint
522 4298 624 4350 deliniri
644 4312 722 4364 posse
741 4296 919 4357 arbitramur.)

199 4388 228 4447 ⁰)
245 4384 348 4437 Plinius
367 4386 397 4436 N.
416 4384 450 4436 Η.
467 4386 524 4444 Vll,
542 4386 589 4436 30:
607 4383 754 4449 Augustus
772 4386 896 4433 eerraira
908 4381 1023 4447 Virgilii
1044 4384 1162 4432 cremore¹
1177 4386 1274 4432 coram
1294 4387 1332 4432 te-

112 4473 244 4521 stamenti
265 4474 321 4545 eius
341 4470 530 4521 onerandiom
551 4473 653 4525 catilin
702 4470 845 4533 maiusque
864 4468 905 4518 illi
925 4470 985 4519 cati
1009 4468 1191 4519 testimonium
1215 4471 1332 4535 contigit

113 4573 196 4622 pirum
214 4559 240 4607 ai
255 4558 310 4623 ipae
327 4570 379 4608 aua
394 4554 543 4622 probasset.
