2856 4876
560 121 1004 242 PRAEFATIO

510 369 715 435 EDITION
722 371 770 436 IS
803 373 1074 439 SECUNDAE.

685 634 887 642 *ιο-...-

261 827 349 893 Haec
371 830 470 895 editio
492 853 512 897 a
539 833 648 916 priore
672 834 705 898 in
733 833 796 898 hoc
823 856 886 900 uno
909 834 1032 914 differt,
1065 835 1153 919 quod
1181 837 1325 919 interpre

176 931 305 996 nomina
336 934 432 999 simul
458 956 530 999 cum
563 956 675 1001 eorum
706 939 872 1013 sententiis
908 938 1012 1004 attuli.
1055 938 1122 1004 Nec
1151 945 1258 1005 tamen
1287 941 1320 1005 lo

174 1038 373 1119 argumentis
394 1059 507 1103 eorum
527 1038 615 1104 dicta
634 1045 692 1104 aut
712 1039 799 1105 facta
816 1040 952 1125 probavi
973 1046 1031 1106 aut
1049 1040 1214 1126 redargui,
1243 1043 1301 1107 sed
1322 1046 1323 1051 ’

175 1139 304 1204 vissime
321 1140 458 1206 indicavi
490 1141 531 1206 de
556 1141 597 1206 iis
627 1140 707 1224 quid
728 1142 799 1225 ipse
819 1143 1011 1225 iudicarem
1053 1164 1093 1210 ac
1112 1145 1324 1228 saepissime:

173 1243 304 1326 prolata
324 1243 462 1308 aliorum
483 1243 596 1309 addidi
615 1246 801 1325 sententias,
821 1267 904 1329 quae
919 1254 977 1313 aut
997 1248 1101 1332 specie
1120 1248 1230 1332 aliqua
1246 1250 1325 1312 veril

173 1352 232 1410 aut
259 1346 454 1412 auctoritate
482 1347 551 1411 eius
576 1347 633 1430 qui
653 1348 820 1414 invenerat
842 1350 1160 1426 commendabantur,
1189 1371 1246 1413 nec
1272 1351 1326 1412 dis.

171 1450 282 1515 monui
302 1468 418 1513 easme
436 1468 502 1514 non
520 1448 676 1532 probare,
698 1472 794 1535 saepe
816 1454 908 1519 omisi
923 1455 1021 1518 etiam
1038 1468 1169 1512 caussas
1185 1449 1327 1532 improba

173 1574 255 1635 quas
278 1571 336 1632 ego
359 1550 512 1616 haberem
529 1551 660 1633 aliems,
694 1553 824 1637 quando
846 1556 1003 1640 putabam
1026 1551 1107 1617 alios
1123 1562 1220 1634 posse
1237 1572 1328 1634 reper

172 1656 218 1720 Ut
237 1655 270 1718 in
291 1653 343 1717 his
363 1652 515 1718 brevitati
535 1653 661 1735 studui,
695 1657 741 1721 sic
769 1658 866 1722 etiam
887 1655 975 1740 quod
994 1654 1125 1720 uomina
1144 1653 1274 1738 saepius
1296 1654 1328 1718 ol

172 1758 264 1840 siglis
286 1754 441 1822 indicavi:
480 1757 534 1822 Bk.
553 1757 669 1842 Bergk.
699 1760 754 1825 Br.
774 1761 947 1824 Burmann.
988 1758 1039 1823 Fd.
1061 1758 1296 1839 Freudenberg.
1342 1803 1427 1862 ,W

172 1860 337 1944 Forbiger.
361 1858 492 1924 Geren
516 1858 607 1925 (lent.
634 1859 688 1926 Gr.
711 1863 851 1947 Gruppe.
884 1861 944 1925 Ha.
964 1860 1082 1946 Heyne.
1109 1862 1163 1925 Ην.
1183 1861 1300 1943 chry.
1328 1868 1369 1957 ΙΙ,

173 1965 294 2047 Haupt.
344 1962 396 2026 Ha.
438 1961 597 2029 Heinsius.
642 1965 691 2051 Hs.
735 1963 916 2028 Hoffmann.
969 1965 1041 2030 Hele.
1070 1963 1302 2029 Hackermann.
1342 1974 1367 2033 J.

171 2068 266 2134 Jahn.
294 2066 339 2131 ΚΖ.
354 2064 507 2130 Kloucek
533 2066 808 2132 Lekkachmanu.
838 2066 891 2129 La.
905 2066 1062 2150 Ladewig.
1084 2069 1144 2133 Mo.
1161 2067 1299 2148 Madvig.
1321 2068 1366 2133 Lll

171 2171 293 2235 Luoiau
310 2168 435 2234 lli'rller.
474 2169 533 2233 Mle.
553 2168 736 2234 Markland.
775 2169 844 2235 Nol.
868 2169 990 2235 Nauck.
1033 2171 1074 2234 Pl.
1092 2170 1290 2252 Peerlkamp.
1334 2172 1364 2234 ll

171 2271 323 2338 Ribbeck.
357 2271 406 2337 Sb.
427 2271 571 2337 Siebelis.
605 2271 656 2336 Sk.
681 2269 783 2336 Skerl.
819 2273 884 2358 Sps.
907 2272 1184 2356 Schimmelpieog.
1209 2271 1250 2336 Sl.
1273 2271 1364 2353 supe

170 2377 256 2440 scer.
270 2373 438 2440 Schrader.
468 2373 638 2439 TeeThiel.
667 2372 717 2436 To.
735 2372 931 2440 Taubmann.
966 2377 1007 2442 Va
1026 2375 1114 2441 Voss.
1147 2375 1209 2439 Wd.
1226 2372 1363 2439 Weidne

180 2479 238 2564 Wg.
260 2477 408 2561 Wagner.
457 2478 518 2543 er.
539 2473 725 2542 Wakefield.

255 2598 346 2663 Inter
378 2599 574 2663 recentiores
607 2595 745 2662 maxime
777 2596 929 2662 inclaruit
962 2596 1124 2664 industria
1148 2598 1184 2663 Ο.
1211 2595 1388 2679 Ribbeckii⁸

169 2701 289 2783 Magno
317 2700 346 2764 is
367 2700 477 2766 studio
503 2700 605 2765 libros
631 2697 708 2765 Mss.
735 2699 886 2778 contulit,
924 2704 1034 2765 eorum
1061 2699 1157 2766 fidem
1185 2699 1386 2781 examinavit,

167 2806 363 2888 interpretes
383 2805 536 2886 antiquos
554 2807 588 2867 et
607 2821 709 2867 novos
727 2802 897 2882 consuluit,
916 2807 1104 2887 textrrmque
1126 2803 1235 2869 multis
1255 2804 1288 2866 in
1307 2801 1387 2873 locis

168 2929 286 2972 novum
321 2907 502 2986 constituit,
542 2906 701 2970 rationem
741 2925 833 2970 suam
865 2905 899 2969 in
927 2906 1163 2989 Prolegomenis
1194 2905 1386 2990 explanavit.

168 3009 231 3077 Sed
242 3031 341 3093 quum
360 3014 486 3075 textum
499 3010 590 3092 prius
605 3006 768 3087 edidisset,
786 3028 884 3090 quam
902 3007 1141 3093 Prolegomena‚
1163 3010 1197 3073 iu
1217 3009 1268 3072 his
1286 3005 1385 3074 aliam

167 3134 397 3195 nonuunquam
422 3113 569 3195 sequitur
589 3111 798 3192 scripturam,
831 3131 928 3194 quam
950 3133 1033 3194 quae
1056 3114 1090 3178 in
1119 3117 1212 3177 textu
1240 3115 1385 3192 apparet,

168 3238 206 3281 ac
233 3222 348 3298 postea
374 3217 408 3279 in
430 3214 571 3280 editione
596 3213 719 3299 minore
747 3233 786 3278 ea
808 3211 913 3292 dedit,
955 3235 1040 3296 quae
1069 3213 1216 3279 consecto
1242 3211 1328 3274 omui
1353 3210 1386 3277 in

167 3320 308 3385 Aeneide
331 3338 431 3402 opera
448 3315 535 3400 apud
552 3335 586 3380 se
607 3317 819 3381 constituerat
836 3336 905 3381 esse
922 3315 1067 3400 legenda.
1111 3316 1222 3397 Neque
1242 3313 1274 3377 in
1289 3314 1387 3393 longa

167 3445 326 3488 annorum
347 3421 428 3485 serie
449 3419 567 3483 mirum
587 3424 645 3498 est,
666 3418 693 3483 si
714 3419 785 3501 quis
808 3418 885 3503 quid
906 3419 959 3483 hic
979 3418 1048 3484 illic
1063 3416 1209 3481 mutavit.
1253 3413 1384 3478 Talibus

165 3529 266 3610 igitur
287 3527 322 3590 in
342 3525 422 3590 locis
443 3521 635 3602 memorari,
664 3541 747 3605 quae
768 3523 941 3588 norissima
967 3519 1119 3599 dederat,
1148 3523 1206 3582 aut
1227 3517 1261 3580 in
1278 3514 1385 3580 Prole-

166 3629 319 3712 gomenis,
339 3627 450 3694 autin
471 3624 612 3691 editione
633 3625 765 3705 minore,
784 3647 825 3690 ne
844 3626 997 3691 iniuriam
1023 3623 1163 3689 facerem
1185 3619 1263 3702 ipsi,
1291 3623 1324 3683 et
1351 3626 1387 3683 ut

165 3734 261 3818 iiqui
282 3733 427 3818 legerent
444 3750 528 3812 mea,
555 3748 665 3795 reram
681 3727 839 3796 habereut
863 3726 1032 3794 Ribbeckii
1059 3725 1265 3810 scripturam.
1308 3721 1386 3787 Eius
1422 3808 1427 3815 ι
