2856 4876
554 120 731 175 aaaataos
755 124 821 175 titt.
840 124 887 175 lli.
962 202 966 209 Ι

108 292 171 357 Hie
194 291 309 356 domus
334 291 460 358 Aeneae
489 292 612 359 curretis
637 291 856 358 dominabitur
884 294 949 360 oris

108 380 152 443 Et
176 379 247 443 nati
272 382 423 443 natorum
451 384 484 443 et
509 379 565 462 qui
591 384 762 443 irascentur
787 379 829 443 ab
854 380 928 444 illis.

108 466 199 529 llaec
225 462 389 543 Phoebus3
420 465 584 548 mixtoque
612 464 722 546 ingens
748 470 863 530 exorta
888 465 1028 530 tumultu

108 551 262 630 Laetitia,
290 554 323 615 et
347 551 468 631 euneti,
494 570 579 634 quae
605 551 670 613 sirit
696 570 735 615 ea
761 552 904 631 moenia,
930 558 1098 633 quaerunt,

110 638 179 716 Quo
202 635 350 701 Phoebus
374 643 468 701 vocet
492 641 636 701 errantes
662 636 834 719 iubeatque
860 638 986 702 reverti.

109 724 190 787 'lum
216 723 358 805 genitor,
388 728 531 787 veterum
558 722 687 787 volvens
713 728 921 787 monumenta
948 723 1098 803 virorum,

110 808 241 889 Audite,
271 830 290 873 o
316 829 480 890 proterea,
509 809 571 888 ait,
597 814 629 873 et
653 829 727 891 apes
755 809 869 873 discite
896 814 1035 874 vestras:

112 896 209 960 Creta
233 895 318 959 lovis
340 895 448 975 magui
473 895 578 959 medio
602 895 686 958 iacet
712 895 818 958 insula
844 902 954 977 ponto,

67 986 70 993 '
111 981 204 1045 lilons
230 980 345 1046 Idaeus
371 980 427 1044 ubi
453 986 485 1045 et
512 980 615 1063 gentis
640 979 799 1045 cunabula
824 986 971 1059 nostrae3

112 1067 246 1132 Centum
273 1066 368 1131 urbes
392 1065 543 1131 habitant
566 1086 713 1147 magnas,
744 1066 907 1131 uberrima
934 1086 1050 1149 regna,

111 1153 269 1217 Maximus
293 1152 378 1216 unde
403 1157 512 1235 pater,
541 1153 569 1217 si
593 1151 655 1215 rite
681 1151 793 1216 audita
823 1152 983 1232 recorder,

110 1239 250 1303 Teucrus
290 1237 434 1303 ihoeteas
460 1239 599 1321 primum
626 1242 676 1301 est
702 1237 853 1302 advectus
879 1239 922 1302 ad
950 1259 1033 1317 orae,

111 1325 308 1409 Optavitque
332 1325 438 1389 locum
467 1346 576 1408 regno.
625 1323 774 1387 Nondum
800 1325 895 1388 llium
922 1330 955 1388 et
978 1344 1068 1389 arces

108 1411 305 1494 Pergameae
331 1416 503 1491 steterant3
534 1409 728 1475 habitabant
751 1410 888 1474 vallibus
913 1410 994 1475 imis.

109 1498 191 1562 Hine
218 1504 323 1562 mater
349 1498 467 1562 cultrix
492 1497 630 1581 Cybelae
655 1496 913 1579 Corybantiaque
942 1516 1018 1561 aera

106 1584 304 1667 Idaeumque
328 1604 456 1665 nemus3
484 1583 560 1648 hine
583 1583 650 1648 fida
675 1582 803 1646 silentia
827 1582 937 1661 sacris,

109 1768 132 1805 et
152 1761 178 1804 iu
194 1760 310 1805 exsilium
331 1762 409 1815 anisi,
434 1761 540 1807 nuncin
558 1761 660 1814 patrium
678 1768 702 1804 et
773 1759 827 1805 106.
847 1762 894 1815 Aa.
911 1763 939 1805 it.
959 1762 987 1806 ii.
1006 1759 1036 1815 ⁸2,
1056 1755 1106 1804 019
1124 1760 1196 1805 Creta
1213 1766 1252 1803 est
1267 1749 1330 1805 itta·

109 1828 134 1872 in
146 1836 237 1872 terram
249 1827 300 1872 iate
316 1840 464 1874 eorteessurn
478 1831 587 1873 redeunt.
617 1831 702 1873 lintres
736 1818 872 1886 τόμιιοιις.

110 1894 161 1943 ieta
174 1902 297 1948 magnaei
311 1899 506 1951 aeternapoeuit
514 1897 625 1941 ιιοιιιιιιιι.
652 1899 702 1941 ιιο-
774 1894 827 1940 itit.
850 1892 994 1949 blasianus,
1016 1895 1057 1948 qui
1077 1901 1115 1939 eet
1133 1895 1225 1948 erimus
1240 1896 1329 1953 gentis,

110 1974 239 2007 manorum
258 1963 321 2007 enim
343 1963 462 2021 maiores,
485 1965 615 2010 Dardanus
633 1965 702 2009 eius·
737 1970 762 2007 ut
781 1961 893 2010 maiores
910 1965 1030 2008 dieantur.
1066 1963 1190 2021 „itaiiitun
1210 1976 1267 2009 nam
1284 1974 1330 2009 au·

111 2042 160 2084 que
176 2030 251 2086 socii,
268 2030 292 2074 in
309 2032 411 2076 deorum
428 2037 496 2077 erant
511 2034 600 2091 tutele,
620 2033 701 2086 iisque
735 2032 824 2085 tiquler
841 2040 879 2077 est
893 2034 1031 2076 Dardanus.
1070 2027 1101 2075 Si
1117 2029 1167 2076 rite
1180 2028 1274 2078 andita
1289 2044 1330 2078 re-

110 2099 159 2143 iem
183 2105 301 2143 tertarum
322 2099 450 2154 inruentum
473 2099 619 2146 destinatum
641 2109 701 2145 erat.
736 2096 843 2145 certior:
873 2102 940 2145 liene
961 2098 1110 2144 dubitatione
1132 2106 1238 2145 excusat
1260 2112 1329 2145 erro-

111 2168 160 2211 Sed
190 2166 247 2213 tutet
276 2174 347 2224 sunt,
378 2170 441 2220 qued
469 2168 551 2213 atiena
576 2180 608 2214 ex
637 2176 702 2213 terra
736 2170 803 2212 reut“
822 2171 847 2212 S.

110 2234 215 2290 (Trois)
240 2234 365 2287 imperium
393 2235 440 2280 siti
466 2241 628 2292 quaerendum
657 2239 702 2282 aed
775 2235 828 2280 toa.
848 2238 982 2281 nnoeteum
1012 2242 1035 2279 et
1064 2235 1163 2288 sigeum
1194 2236 1242 2279 duo
1271 2242 1329 2281 sunt

108 2303 198 2348 'l'roiae
216 2302 311 2347 interitu
327 2314 343 2348 a
359 2304 406 2348 diis
421 2304 505 2349 moniti
522 2306 646 2359 antiquam
663 2318 702 2349 re·
736 2305 841 2350 'i'rosdia
861 2304 1033 2358 orontenteria.

108 2378 192 2426 petunt
212 2371 322 2424 nutriam.
774 2371 828 2417 109.
851 2369 958 2434 liytaet't
976 2372 1065 2423 ..etegit
1081 2378 1106 2415 ut
1126 2369 1146 2427 l,
1163 2368 1239 2416 taaf‘
1256 2374 1281 2417 S.
1295 2394 1330 2403 —-

143 2439 183 2484 at.
203 2437 508 2497 ct.ttem.1t.20‚3ot
533 2435 597 2485 Νῦν
617 2431 646 2485 di
667 2431 702 2501 ὀὴ
740 2435 861 2485 Nesidem
883 2437 960 2485 llt'uat
983 2443 1044 2486 ete:
1079 2441 1147 2483 idern
1168 2439 1219 2485 iere
1242 2440 1329 2485 iisdem

106 2499 215 2552 Αἰνείαο
232 2500 279 2568 βίη
300 2496 437 2566 Τρώεσσιν
455 2496 558 2564 ἀνάξει,
577 2501 623 2552 και
640 2503 702 2553 καί·
736 2509 820 2553 uerbis
840 2510 870 2552 de
887 2510 999 2552 Dardano
1018 2520 1058 2562 un.
1074 2510 1143 2552 ilem.
1163 2506 1327 2559 1100010.

106 2568 165 2619 δων
182 2570 292 2631 παῖδες,
315 2568 360 2619 τοί
375 2585 420 2620 κεν
436 2565 587 2634 μετόπισθε
605 2566 701 2637 γένων-
773 2575 827 2620 tid.
846 2572 1017 2621 babitabant.-
1050 2577 1089 2627 „id
1113 2584 1184 2633 sont,
1213 2576 1254 2629 uui
1272 2586 1329 2621 eant

105 2653 161 2685 eat.
198 2644 266 2687 liaeo
293 2651 317 2687 ιιι
345 2645 375 2688 do
397 2644 514 2688 Romanis
543 2644 608 2689 dieta
632 2645 702 2689 auxit
737 2646 851 2689 Dardano
872 2644 1007 2689 uenerant‘
1026 2647 1052 2687 S.

106 2710 233 2759 i'ireiiius.
774 2711 827 2757 iii.
847 2708 953 2769 „blaten
978 2707 1074 2757 cultris
1106 2706 1208 2771 Cybeli,
1237 2712 1328 2757 mentis

145 2776 199 2822 100.
221 2772 337 2823 Laetitia
356 2786 471 2835 „prepter
489 2780 636 2833 premissum
654 2780 701 2824 itn·
735 2781 871 2836 energiae,
898 2781 923 2823 ln
941 2792 988 2833 que
1008 2780 1108 2837 colitur,
1130 2789 1146 2823 a
1167 2792 1214 2832 quo
1232 2780 1327 2833 Cybele

107 2847 168 2901 nerii
192 2846 370 2905 aeternitatem,
398 2844 524 2905 tumultu,
548 2848 606 2901 quia
629 2849 701 2893 dixit:
735 2848 800 2893 dicta
823 2856 868 2893 est.
905 2848 1019 2893 Nonnulli
1043 2843 1139 2893 cultris
1163 2843 1254 2907 Cybele
1275 2848 1346 2902 (sio'

106 2910 251 2974 exquirite·
270 2918 294 2959 s.
734 2924 798 2961 teste
819 2912 866 2961 lib.
883 2914 971 2970 unte.)
987 2918 1079 2970 tegunt,
1099 2922 1123 2959 ιιι
1141 2914 1170 2959 sit
1190 2916 1261 2968 quasi
1278 2912 1327 2977 Cy-

144 2980 198 3025 itta.
221 2978 392 3027 lineamenta
410 2978 532 3038 uirorum,
550 2980 700 3035 „bistorius“
734 2980 834 3029 belet'a‘
853 2989 878 3029 s.
915 2984 966 3039 (ct.
987 2982 1098 3042 1,6110.)
1138 2978 1230 3043 Cybele
1245 2989 1328 3029 autem

106 3054 133 3095 S.
169 3052 220 3095 Cte.
238 3051 268 3094 de
284 3062 317 3094 er.
336 3050 357 3107 i,
372 3048 405 3094 itt
428 3046 597 3095 lineamenta
615 3062 700 3095 rerum
735 3053 808 3096 etium
821 3064 864 3106 oro
880 3048 991 3112 Cybelae
1007 3053 1125 3111 seriptum
1139 3057 1221 3105 potest
1233 3052 1327 3110 baberi,

105 3119 244 3181 gestarunt
262 3121 286 3163 et
307 3113 447 3163 uetustatis
465 3116 583 3179 exempla
603 3115 702 3165 aratori
736 3127 758 3163 et
775 3116 880 3181 Cybeles
892 3120 916 3165 iu
929 3121 997 3165 tibris
1012 3132 1072 3165 esse
1085 3119 1193 3177 truditur,
1212 3127 1237 3164 ιιι
1254 3120 1328 3165 etiem

104 3190 170 3231 stota
186 3197 240 3231 esse
259 3180 356 3230 debent.
390 3189 434 3230 list
453 3186 516 3231 eninr
536 3183 700 3231 amonendo.
735 3188 794 3232 iilud
817 3183 917 3248 Cybeli,
939 3190 980 3232 uel
1001 3183 1090 3245 cittii,
1112 3183 1204 3245 Clbeb',
1229 3188 1327 3233 similia.

106 3276 139 3284 —-
161 3249 269 3298 l'aluere
287 3261 326 3297 est
344 3255 469 3299 volvendo
488 3254 585 3308 aperire
603 3262 628 3299 ut
643 3253 701 3300 ata.
736 3279 770 3286 —
782 3256 1060 3301 lieeentioreseditores
1071 3256 1327 3309 receperenttstinsn

111 3318 198 3377 1,·22.
736 3324 840 3368 formam
857 3320 974 3384 Cybelae.
1010 3320 1057 3369 lib.
1076 3318 1164 3384 Cybeli
1180 3336 1213 3368 ex
1229 3326 1327 3383 servio,

144 3387 199 3433 103,
221 3387 286 3450 Spes
309 3392 410 3434 uestras
430 3390 445 3433 l.
467 3402 489 3433 e.
512 3401 575 3443 quae
598 3390 701 3444 potestis
733 3392 776 3445 qui
804 3402 877 3445 quam
904 3392 992 3437 dubius
1019 3392 1051 3436 sit
1079 3392 1134 3446 iasa
1161 3391 1243 3437 verbis
1270 3392 1327 3438 suls

105 3468 223 3511 speram
247 3468 302 3502 nunt
319 3458 407 3509 ,euasi
427 3470 506 3502 senex
522 3458 639 3515 loquitur,
659 3465 702 3504 ιιιιι
735 3463 853 3504 declarat.
883 3483 916 3489 —
944 3463 983 3505 Ex
1009 3462 1082 3506 creta
1106 3460 1228 3505 ἰιοιιιιιοιι
1258 3470 1327 3507 ortos

105 3526 165 3579 quia
181 3527 241 3581 seit,
263 3539 291 3571 se
309 3538 368 3569 esse
387 3526 553 3570 ιιιοιιιιιιιιιιι.“·
572 3530 597 3571 s.
735 3529 854 3586 ostendit,
876 3530 939 3581 quod
960 3530 1045 3573 eudem
1064 3528 1097 3572 lbi
1114 3527 1164 3572 sitit
1181 3538 1262 3573 saera.
1297 3532 1327 3575 itt

144 3591 200 3637 101.
219 3594 254 3640 Cf.
278 3595 371 3645 odyss.
401 3592 442 3647 19,
470 3592 517 3638 tta
543 3583 637 3654 Κρήτη
662 3606 701 3649 τις
734 3597 845 3649 Patauio
863 3597 927 3641 enim
946 3603 969 3640 et
985 3598 1072 3642 t'retae
1094 3602 1133 3640 est
1150 3596 1193 3640 ida
1212 3608 1284 3642 mons
1302 3602 1327 3641 et

104 3648 162 3720 γαῖ’
182 3650 250 3719 ἐστι’,
271 3654 343 3721 με’σῳ
367 3648 406 3704 ἔνι
428 3653 520 3705 οἴνοπι
540 3654 632 3724 πόντῳ
653 3668 698 3707 etc.
734 3667 810 3710 idaea
828 3674 912 3719 mater,
931 3675 1020 3713 nenena
1034 3670 1110 3709 mater
1126 3665 1208 3723 deum,
1224 3665 1326 3723 cybele,

103 3751 139 3758 --
161 3724 230 3773 louis
252 3723 345 3788 magni
366 3741 414 3772 nen
431 3730 485 3772 sine
504 3730 610 3773 oonsilio
631 3731 699 3774 addi·
735 3734 901 3787 Dindymene,
924 3734 995 3776 lines
1011 3735 1097 3775 eodem
1115 3731 1167 3775 iere
1186 3735 1258 3778 modo
1282 3746 1326 3778 eo·

104 3804 156 3841 tum
173 3806 220 3849 eet,
238 3808 311 3850 auant
330 3796 419 3848 unique
436 3796 535 3841 Troiani
553 3800 584 3841 ab
599 3800 657 3841 iove
671 3800 698 3843 0.
734 3803 842 3853 letatur,
866 3807 889 3843 et
906 3806 1004 3845 ueteres
1022 3801 1071 3854 iusi
1088 3800 1206 3857 dubitent,
1228 3806 1284 3846 utra
1301 3801 1326 3847 in

103 3868 136 3909 di.
150 3864 268 3917 erinnem
283 3878 311 3909 se
322 3866 412 3908 ducere
422 3865 593 3913 gloriarentur.
620 3868 699 3919 „iist-
734 3875 799 3912 terra
823 3869 845 3912 is
868 3871 949 3912 cultus
972 3868 1063 3922 primus
1087 3867 1166 3912 inerit.
1202 3868 1237 3916 ci.
1254 3870 1325 3915 iiiod.

104 3934 185 3977 danus
204 3934 272 3978 ioris
294 3932 359 3977 iliius
382 3941 405 3977 et
423 3935 548 3989 Electrae,
574 3932 699 3987 prefectus
734 3936 762 3991 5,
780 3932 813 3980 61
835 3938 898 3981 Prae
918 3936 974 3981 aliis
998 3937 1054 3980 vide
1073 3940 1217 3982 strabonem
1244 3937 1284 3994 to,
1300 3936 1324 3980 a

103 4002 135 4045 de
153 4004 270 4055 Corytho,
289 4001 389 4047 civitate
406 4002 521 4051 Tusciae,
545 4002 637 4055 orimus
656 4014 700 4046 ve·
734 4028 768 4035 —
788 4006 976 4061 „Corybantes,
1004 4005 1107 4050 ministri
1130 4006 1215 4050 matris
1236 4002 1325 4051 deum“

102 4069 139 4114 nit
161 4072 193 4113 ud
215 4070 326 4119 Tritium,
358 4076 382 4115 et
409 4070 460 4114 litia
488 4080 567 4124 parra
591 4070 701 4115 aedificia
735 4078 760 4116 s.
779 4073 820 4124 eui
836 4073 861 4117 in
877 4073 959 4117 saeris
978 4075 1101 4118 saltabant
1115 4083 1175 4118 sera
1189 4075 1204 4118 i.
1218 4084 1240 4118 e.
1255 4084 1325 4125 eym-

102 4138 245 4183 eottoeevit.
277 4139 337 4182 Post
353 4138 510 4183 eiusobituut
525 4139 700 4183 'l'eueervenit
735 4142 791 4185 bala
808 4142 985 4185 concutientes.
1022 4140 1059 4187 ci.
1075 4144 1133 4187 lior.
1151 4144 1178 4189 C.
1199 4140 1220 4198 1,
1241 4138 1280 4197 td,
1299 4138 1323 4183 8.

103 4218 138 4250 ex
157 4207 272 4252 Cretaei
290 4207 384 4251 invenit
402 4207 510 4251 Dardani
527 4207 612 4252 socios
630 4207 699 4251 ιιιιιιι-
734 4211 813 4254 acuta
831 4205 969 4271 geminant
991 4204 1149 4271 Corybantes
1165 4218 1235 4253 aera.

103 4281 186 4318 tentes
205 4274 229 4319 in
245 4275 365 4325 vaiititue,
385 4275 425 4327 qui
440 4274 565 4319 antestituit
584 4286 657 4320 eroes
675 4280 699 4319 et
771 4274 824 4321 tia.
846 4272 914 4323 iiiuc
926 4272 989 4338 fida
1006 4274 1113 4323 silentia
1131 4271 1226 4329 saeris,
1244 4274 1325 4329 „bina

101 4342 227 4387 mouetur*
255 4346 280 4387 s.
317 4346 401 4397 itaque
422 4355 471 4387 nen
495 4343 593 4388 amitino
618 4342 698 4389 luteus
732 4344 817 4397 inquit,
836 4346 961 4391 inventum
976 4352 1023 4399 est,
1040 4354 1142 4390 servare
1158 4342 1238 4387 saeris
1253 4342 1324 4387 ideie

102 4410 230 4455 Anchises
253 4416 292 4455 est
312 4418 336 4455 et
358 4416 542 4461 areunaeutatue
565 4423 598 4457 ex
620 4413 698 4457 nomi·
733 4412 880 4459 silentium.“
904 4418 929 4458 s.
965 4416 1025 4457 item
1035 4407 1119 4472 fidele
1136 4405 1265 4455 silentium
1284 4420 1323 4464 aa.

102 4490 162 4523 nuru
178 4485 201 4523 et
220 4479 309 4524 rituum
325 4478 489 4525 similitudine.
732 4482 790 4525 ιιοι.
814 4482 840 4529 C.
864 4478 892 4539 ³,
914 4482 943 4539 2,
963 4478 1005 4525 25.
1045 4483 1073 4525 in
1100 4476 1225 4533 mysteriis
1251 4478 1324 4537 enim,
