2856 4876
615 181 817 238 romanulo.
1291 182 1326 223 Π

107 349 167 417 illa
188 349 323 416 oracula
344 348 385 416 de
406 348 519 417 luitura
537 354 945 439 Romanorumsspotentia,
984 353 1060 420 hinc
1084 353 1142 419 illa
1161 351 1256 436 clipei
1273 350 1328 417 de·

108 454 261 539 scriptio,
297 453 373 519 hinc
397 453 454 518 ille
484 454 527 520 ad
552 456 673 522 inferos
700 457 886 537 descensus,
915 457 1041 540 inquo
1071 455 1328 522 describendosi

107 557 287 623 Homerum
306 557 419 640 aliqua
441 565 596 642 exparte
624 565 753 626 secutus
782 567 846 641 est,
882 581 945 624 non
970 560 1048 625 fecit
1075 566 1113 625 ut
1137 559 1329 639 imitaretur,

107 660 168 727 sed
188 666 226 725 ut
245 659 334 744 quod
351 659 483 725 volebat
503 663 717 746 contingeret3
758 669 792 728 et
822 663 946 746 recepit
973 662 1112 729 formam
1132 662 1329 728 narrationis

107 765 173 831 iam
190 763 382 848 probatam.
426 763 488 847 (cf.
510 765 587 830 Ero.
609 765 653 831 ad
679 767 699 831 l.
718 765 787 848 VI.)
831 766 881 830 Ex
908 764 1021 832 eodem
1048 767 1182 832 consilio
1204 765 1328 831 factum

108 874 168 948 cst,
189 874 227 932 ut
247 868 409 932 Romanos
427 866 548 950 ubique
569 889 675 934 mores
698 867 885 934 assumeret.
929 869 1000 947 Qua
1015 869 1049 934 in
1063 890 1099 934 re
1117 869 1165 935 ita
1180 875 1329 935 versatus

108 975 174 1050 est,
204 975 242 1035 ut
261 990 369 1035 rerum
390 975 588 1053 perverteret
607 971 793 1051 veritatem,
818 992 893 1036 nam
912 973 1039 1037 Aeneae
1057 977 1203 1056 tempore
1225 992 1329 1055 neque

107 1073 317 1156 auguriorum
335 1071 520 1155 disciplina,
542 1094 601 1139 nec
623 1095 790 1139 sacrorum
808 1074 905 1155 ordo,
931 1072 991 1139 nec
1013 1073 1089 1140 belli
1110 1081 1144 1140 et
1164 1095 1328 1140 armorum

106 1176 136 1241 is
157 1196 234 1241 usus
253 1180 334 1254 erat,
354 1173 410 1257 qui
431 1175 466 1240 in
486 1176 628 1243 Aeneide
650 1176 911 1260 deprehenditur.
955 1176 1002 1243 (ll.
1027 1183 1053 1257 l,
1078 1183 1137 1242 169
1157 1179 1198 1243 al.
1235 1176 1329 1256 Quod

107 1284 225 1364 poetae
244 1276 402 1356 studium,
443 1300 509 1362 quo
530 1280 691 1346 Romanos
710 1301 818 1346 mores
839 1287 873 1346 et
889 1281 973 1346 ritus
994 1279 1037 1346 ad
1055 1281 1196 1346 Aeneam
1217 1286 1328 1346 aucto·

107 1403 177 1449 rem
198 1380 368 1459 referebat,
395 1386 433 1446 ut
454 1383 511 1464 qui
532 1383 598 1447 iam
618 1383 873 1467 negligebantur,
894 1404 934 1449 ex
954 1384 1150 1466 antiquitate
1169 1405 1329 1450 commen-

108 1485 280 1566 darentur,
306 1505 404 1568 quum
426 1507 528 1569 paene
547 1486 581 1551 in
602 1488 716 1570 queris
737 1508 832 1551 versu
858 1486 1068 1551 obtrudatur:
1111 1508 1189 1553 sane
1210 1487 1328 1552 mirum

108 1595 173 1669 est,
207 1588 264 1672 qui
288 1587 411 1653 factum
439 1590 496 1669 sit,
530 1595 569 1654 ut
593 1611 692 1654 unum
711 1589 888 1655 Homerum
909 1589 1064 1672 Virgilius
1092 1589 1239 1655 imitatus
1258 1610 1329 1656 esse

107 1691 277 1758 diceretur.
322 1691 536 1758 Nihilominus
555 1698 665 1758 tamen
687 1713 726 1758 ea
747 1693 916 1772 sententia,
935 1693 988 1758 eui
1009 1692 1106 1758 etiam
1124 1693 1253 1759 Servius
1270 1713 1330 1775 per

108 1800 216 1861 totum
235 1815 328 1860 suum
347 1793 468 1858 librum
483 1794 689 1874 adversatur,
726 1795 856 1861 vixdum
882 1796 1055 1861 novissimo
1076 1801 1221 1879 tempore
1240 1795 1329 1862 ride-

107 1905 163 1964 tur
185 1918 256 1964 esse
278 1897 463 1980 explosal).
505 1899 623 1962 Totum
653 1917 729 1964 vero
756 1919 886 1964 carmen
915 1919 1013 1980 quum
1037 1899 1084 1965 ita
1117 1899 1330 1981 compositum

108 2003 167 2081 sit,
195 2008 232 2066 ut
249 2001 358 2066 omnia
377 1999 419 2065 ad
440 1999 531 2065 illam
551 2001 769 2066 laudationem
791 2006 953 2084 spectent,
978 2022 1076 2085 quum
1101 2003 1247 2066 narratio
1265 2022 1329 2067 non

108 2110 242 2190 propter
261 2105 416 2187 seipsam
438 2102 495 2167 sed
514 2109 649 2186 propter
671 2104 760 2168 aliud
778 2104 867 2169 sacta
887 2124 958 2169 esse
976 2103 1138 2183 videatur,
1167 2124 1232 2167 nou
1253 2103 1330 2168 licet

107 2208 316 2293 reprehendi,
344 2206 401 2272 sed
423 2205 591 2290 quaeritur
609 2206 719 2286 modo,
748 2207 855 2272 sintne
876 2206 985 2271 omnia
1011 2207 1059 2270 ita
1077 2211 1168 2288 apta,
1196 2213 1234 2272 ut
1254 2229 1330 2272 nus·

108 2334 206 2396 quam
226 2333 284 2377 nco
305 2310 391 2395 quod
412 2330 523 2374 verum
544 2331 608 2374 non
631 2330 700 2376 esse
720 2310 869 2376 videatur
889 2315 1060 2394 appareat,
1091 2330 1150 2374 nec
1174 2311 1260 2394 quod
1281 2310 1330 2376 illi

108 2415 242 2481 consilio
261 2415 459 2480 adversetur.
502 2413 566 2480 Sed
585 2417 694 2477 utrum
712 2413 866 2496 Virgilius
888 2413 1105 2478 narrationem
1125 2413 1189 2479 ded
1227 2414 1234 2427 ’
1294 2432 1361 2478 er*

108 2538 218 2583 omnes
243 2522 353 2600 partes
387 2515 604 2600 probabilem,
642 2537 686 2582 an
713 2517 747 2581 in
775 2538 814 2582 ea
841 2516 1019 2601 quidquam
1045 2537 1165 2599 peccar
1231 2534 1245 2596 ·,
1269 2537 1329 2580 nec

109 2642 221 2687 coram
245 2621 300 2701 iis,
328 2619 384 2704 qui
408 2618 555 2702 legerunt
579 2639 709 2684 carmen
735 2639 793 2684 nec
815 2620 871 2703 qui
894 2641 959 2684 uon
979 2619 1143 2702 legerunt,
1169 2639 1330 2702 exponere

109 2725 286 2809 quidquam
304 2721 454 2807 prodest:
497 2721 546 2787 illi
568 2722 633 2788 iam
658 2743 715 2788 suo
744 2721 866 2788 iudicio
895 2726 1039 2802 utentur,
1077 2720 1111 2785 hi
1139 2728 1331 2804 argumenta

109 2849 174 2895 non
192 2831 345 2910 poterunt
367 2823 554 2906 expendere.

194 2933 238 2995 At
257 2949 333 2994 vero
352 2927 509 3009 Virgilius
531 2948 613 3011 opus
643 2948 736 2992 suum
761 2924 889 2992 incendi
914 2926 1025 3006 iussit,
1060 2932 1098 2991 ut
1124 2926 1194 3011 ipse
1211 2927 1331 3010 impro-

108 3035 204 3101 basse
227 3033 383 3098 videatur.
428 3029 526 3096 Cuius
561 3029 609 3095 rei
631 3050 766 3096 caussae
786 3050 886 3113 quum
912 3030 1043 3114 saepius
1066 3030 1233 3113 quaesitae
1258 3032 1331 3112 sint,

108 3138 218 3204 variae
238 3134 387 3219 prolatae
409 3138 485 3198 sunt
506 3132 681 3216 opiniones,
701 3155 782 3216 quas
803 3154 912 3199 omnes
933 3152 1099 3198 recensere
1115 3131 1158 3197 ab
1179 3132 1330 3199 hocloco

10 3271 15 3284 ·
109 3241 249 3306 alienum
270 3243 328 3304 est.
372 3236 477 3302 Unam
499 3239 629 3301 tantum
649 3235 765 3301 afferre
787 3241 899 3320 aptum
919 3241 981 3315 est,
1013 3235 1069 3301 ubi
1102 3258 1141 3301 ea
1164 3257 1331 3301 enumera

109 3365 195 3422 mus,
227 3361 312 3424 quae
334 3338 530 3423 reprehensa
552 3344 629 3404 sunt
649 3339 683 3403 iu
702 3338 853 3404 Aeneide.
897 3338 1102 3405 Bartenstein
1119 3361 1172 3423 ap.
1193 3339 1281 3421 Virg.
1299 3345 1333 3404 et

110 3447 200 3528 Wgr.
221 3446 245 3522 1,
267 3465 298 3526 p.
322 3448 380 3507 131
404 3440 584 3508 contendit:
624 3442 843 3524 „poenitentia
861 3442 994 3508 laudum
1022 3443 1057 3506 in
1077 3442 1258 3524 Augustum
1277 3463 1331 3506 cu-

109 3547 307 3613 mulatarum
327 3551 360 3610 et
378 3544 584 3609 inductorum
603 3545 757 3610 adversus
771 3546 963 3629 Epicuream
983 3544 1185 3628 disciplinam
1198 3544 1332 3609 deorum

110 3672 148 3718 eo
166 3648 342 3714 adductum
369 3667 439 3712 esse
461 3651 608 3728 poetam,
643 3653 681 3712 ut
708 3652 903 3713 testamento
932 3668 990 3713 suo
1019 3667 1148 3712 carmen
1173 3646 1330 3712 abolitum

109 3775 179 3820 esse
211 3751 335 3817 vellet.“
379 3751 463 3816 Sane
495 3749 575 3814 mihi
612 3769 739 3832 quoque
769 3751 944 3831 rationem,
980 3774 1045 3836 qua
1072 3749 1151 3814 deos
1175 3750 1332 3833 Virgilius

110 3855 245 3923 carmini
268 3875 325 3920 suo
345 3853 534 3933 immiscuit,
573 3872 670 3935 saepe
687 3851 890 3939 displicuisse
924 3855 1093 3935 confiteor,
1127 3855 1205 3937 quin
1232 3855 1332 3919 etiam

110 3981 194 4025 nunc
215 3963 291 4024 sunt
310 3958 374 4024 loci
397 3956 539 4041 aliquot,
573 3976 653 4040 quos
674 3954 831 4040 improbo.
874 3957 1090 4024 Nihilominus
1111 3965 1219 4023 tamen
1241 3957 1333 4022 eain

110 4084 146 4128 re
164 4062 321 4146 Virgilius
339 4062 467 4146 saepius
485 4061 687 4144 vituperatus
707 4066 769 4140 est,
793 4082 890 4144 quam
911 4062 1117 4142 aestimatus,
1138 4083 1242 4144 neque
1263 4059 1332 4124 eius

112 4186 196 4247 quae
216 4164 316 4230 fuerit
334 4164 482 4230 condicio
505 4163 662 4247 cogitant,
687 4163 744 4228 sed
766 4164 854 4248 quod
875 4164 938 4248 ipsi
959 4166 1116 4245 sentiunt,
1143 4185 1214 4230 eam
1234 4182 1332 4227 unam

248 4342 271 4347 -.
278 4341 514 4349 „n---.--——

196 4444 226 4503 ⁶)
244 4441 301 4493 flue
331 4441 363 4492 de
390 4455 418 4492 re
446 4442 557 4493 maxime
585 4439 697 4490 meritus
727 4445 767 4489 cst
784 4438 883 4491 heracli
906 4438 1012 4491 duobus
1035 4439 1110 4491 libris
1135 4452 1202 4502 quos
1227 4435 1335 4502 scripsit

113 4530 134 4580 l.
152 4528 192 4578 Dc
209 4543 316 4579 morum
333 4530 361 4578 r'a
380 4526 408 4579 V
407 4529 502 4594 argilis*
518 4525 635 4578 demde
653 4525 758 4578 habitu.
793 4527 817 4576 2.
835 4526 1027 4590 Antiquitatcr
1046 4523 1229 4588 Vergilianas.
