2856 4876
569 171 774 225 amenio.
1213 171 1278 213 xm

62 344 182 414 deinde
207 343 318 425 fidem,
347 344 403 410 ubi
429 343 469 409 de
485 342 561 408 Mss.
583 341 699 421 refert,
721 340 841 423 ubique
860 345 990 407 secutus
1007 362 1093 423 sum,
1113 342 1278 427 multaque

61 471 103 516 ex
123 449 179 528 iis,
209 467 293 530 qnae
319 447 353 512 in
377 434 487 528 prior'e
513 444 653 511 editione
682 443 868 523 attuleram,
894 444 1005 525 omisi,
1031 445 1119 529 quod
1146 447 1211 512 iam
1237 445 1277 512 de

62 552 227 635 scriptura
246 549 312 614 alia
330 548 447 614 doctus
468 567 566 627 eram,
595 544 697 610 multa
717 544 813 611 aliter
830 545 986 629 explicavi
1006 547 1050 612 ad
1068 567 1182 614 novam
1198 549 1277 613 scri·

62 660 197 739 pturam
214 651 471 730 accommodata,
501 656 538 715 ut
559 645 792 713 inconstantiae
813 648 932 713 crimen
951 649 1030 715 mibi
1051 671 1115 716 non
1130 650 1278 716 videatur

65 776 137 822 esse
155 753 367 835 subeundum,
402 772 598 837 quamquam
618 749 732 815 melius
755 749 837 815 duco
865 755 899 815 et
919 753 1136 835 praestantius
1157 760 1191 819 et
1209 752 1274 820 for-

67 858 136 922 tius
153 856 320 922 emendare
344 861 378 921 et
403 856 578 938 corrigere,
611 872 695 935 quac
724 872 788 917 non
813 853 899 920 satis
925 858 1012 920 recte
1033 853 1121 922 dicta
1136 877 1205 922 esse
1227 859 1275 922 in-

69 959 259 1039 tellexerim,
286 978 383 1042 quam
411 958 445 1022 in
464 977 515 1037 eo,
541 954 629 1040 quod
650 953 749 1019 semel
776 952 898 1020 dictum
918 956 962 1021 sit
982 962 1136 1039 perstare.
1178 960 1216 1024 In
1237 980 1275 1026 eo

70 1062 162 1128 ctiam
182 1082 254 1127 eum
276 1065 402 1126 secutus
423 1082 502 1140 sum,
523 1064 560 1124 ut
581 1058 673 1140 signa
694 1054 986 1140 Manuscriptorum
1005 1059 1074 1125 eius
1091 1061 1275 1144 reciperem,

63 1142 175 1248 itaque
197 1164 309 1228 littera
329 1163 354 1227 F
375 1162 597 1246 significantur
623 1156 761 1224 schedae
783 1157 971 1241 Vaticanae,
1001 1160 1031 1226 G
1051 1161 1274 1247 Sangallenses

63 1266 222 1350 rescripti,
246 1265 280 1330 Μ
297 1264 398 1330 codex
405 1264 575 1343 Mediceus,
595 1262 620 1327 Ρ
642 1259 713 1326 cod.
727 1259 900 1342 Palatinus,
922 1263 951 1328 R
970 1262 1040 1329 cod
1056 1264 1225 1347 Romanus,
1246 1268 1275 1333 V

45 1367 202 1434 ⁴schedae
222 1367 428 1448 Veronenses,
445 1389 467 1449 γ
484 1366 553 1433 cod.
571 1364 746 1444 Gudianus,
766 1362 867 1429 bcod.
881 1364 1052 1431 Beruensis
1077 1370 1146 1448 165,
1167 1370 1273 1436 ccod

64 1470 235 1536 Beruensis
259 1475 329 1534 184.
371 1468 414 1534 Hi
432 1469 633 1551 potissimum
654 1465 729 1531 libri
750 1472 826 1533 sunt
852 1487 933 1550 quos
952 1467 1006 1533 lc.
1023 1466 1130 1550 affert,
1155 1490 1274 1554 eosque

63 1571 113 1636 ita
132 1572 289 1652 aestimat,
309 1577 347 1638 ut
366 1572 521 1654 optimum
540 1569 853 1635 habcatPalatinum
873 1571 918 1654 (p.
931 1574 1002 1636 308.
1016 1572 1102 1654 311).
1144 1572 1273 1639 Priores

65 1673 170 1738 critici
191 1675 412 1756 praetulerunt
432 1673 616 1739 Mediceum.
660 1671 723 1737 Sed
743 1691 827 1755 quae
847 1670 888 1737 de
907 1672 1040 1757 siugulis
1050 1673 1143 1741 libris
1162 1697 1273 1743 manu·

64 1775 194 1855 scriptis
215 1776 271 1839 Rs.
291 1776 464 1839 multorum
484 1775 627 1840 locorum
644 1773 813 1856 seripturis
834 1773 918 1840 inter
938 1795 972 1841 se
1001 1776 1127 1844 collatis
1151 1778 1273 1846 iudica·

64 1875 160 1951 verit,
189 1875 263 1938 nolo
288 1894 373 1937 nuno
399 1875 538 1940 breviter
566 1894 744 1940 memorare
768 1873 935 1957 falsaeque
965 1877 1132 1945 relationis
1164 1880 1273 1948 subire

64 1975 257 2061 periculum,
296 1974 472 2055 meliusque
498 1975 624 2041 videtur
649 1995 736 2053 eum,
760 1974 816 2056 qui
840 1975 880 2041 de
907 1996 946 2040 ea
971 1998 1008 2042 re
1025 1980 1134 2045 doceri
1154 1984 1271 2066 cupiat,

70 2100 108 2145 cx
128 2077 228 2164 ipsius
247 2074 375 2159 scriptis
396 2075 555 2159 simulque
576 2080 767 2159 argumenta
786 2075 821 2139 in
841 2077 974 2160 singulis
991 2081 1163 2163 percipere.
1289 2151 1292 2159 ,

149 2197 188 2262 Id
207 2197 295 2280 quod
315 2195 393 2262 mihi
413 2195 585 2261 maximam
613 2195 754 2260 movebit
779 2195 1049 2279 vituperationem
1076 2198 1138 2263 erit
1162 2198 1270 2264 ortho-

63 2298 218 2384 graphia,
242 2301 344 2384 magis
365 2300 449 2366 enim
469 2320 566 2384 quam
586 2299 620 2364 in
638 2298 748 2383 priore
766 2297 908 2364 editione
928 2299 1044 2365 recessi
1065 2299 1108 2366 ab
1124 2320 1164 2367 ea
1188 2322 1271 2386 quae

61 2422 147 2468 nunc
175 2402 263 2468 valet
291 2404 417 2469 ratione
443 2423 482 2469 ac
510 2402 616 2486 recepi
644 2401 735 2486 prius
763 2400 925 2467 usitatam.
968 2401 1079 2486 anue
1104 2404 1138 2469 in
1163 2425 1200 2470 re
1221 2426 1269 2470 se·

61 2510 157 2571 cutus
192 2524 263 2569 sum
295 2507 642 2587 praestantissimorum
673 2505 883 2588 interpretum
910 2504 1144 2571 auctoritatem.
1187 2507 1270 2573 Nam

60 2606 205 2690 Heynius
228 2606 329 2691 praei.
354 2608 429 2674 edit
453 2608 513 2688 IV,
535 2629 565 2694 p.
591 2612 631 2673 58
644 2644 685 2655 -
698 2610 735 2671 61
765 2605 892 2671 orditur
914 2604 966 2670 his
990 2606 1110 2673 verbis:
1148 2609 1269 2690 „Quam

61 2710 189 2775 incerta
215 2714 248 2774 et
274 2708 398 2775 lubrica
424 2730 475 2777 res
502 2715 535 2776 et
559 2711 603 2776 sit
622 2714 656 2775 et
686 2728 756 2775 esse
785 2707 901 2774 debeat
924 2709 1103 2793 scripturae
1126 2711 1210 2775 ratio
1237 2718 1270 2776 et

58 2833 145 2892 mos,
171 2812 329 2877 neminem
347 2810 444 2897 fugit,
474 2812 530 2896 qui
546 2812 688 2879 animum
706 2810 749 2876 ad
767 2810 847 2877 haec
863 2809 1065 2877 attenderit“
1106 2812 1149 2877 Et
1169 2833 1268 2896 quum

59 2916 97 2981 in
125 2914 259 2996 singulis
289 2914 450 2981 docuisset
471 2915 506 2980 in
527 2915 759 3000 orthographia
783 2934 843 2980 nec
861 2913 1004 2980 hdediceo
1029 2934 1088 2979 nec
1107 2914 1267 2981 Vaticano

58 3037 120 3083 nec
142 3017 285 3082 Romano
303 3016 397 3083 fidem
416 3023 536 3083 certam
557 3039 638 3100 esse,
663 3017 708 3085 ad
731 3023 908 3084 extremum
934 3015 1115 3083 confitetur:
1159 3017 1267 3097 „Adeo
1353 3052 1355 3057 .

56 3119 142 3185 nihil
162 3119 241 3184 satis
263 3121 342 3185 certi
360 3125 393 3185 et
418 3120 481 3185 tuti
504 3125 555 3187 est
577 3122 611 3186 in
636 3121 722 3186 omni
748 3120 809 3185 hac
836 3118 1017 3185 subtilitate
1041 3121 1266 3202 grammatica3

57 3242 158 3306 quam
180 3221 327 3305 equidem
346 3223 373 3288 si
395 3223 517 3307 primus
535 3230 648 3289 auctor
660 3221 901 3288 constituendae
913 3221 1060 3287 lectionis
1070 3222 1267 3305 Virgilianae

57 3325 200 3404 fuissem,
221 3324 289 3389 iure
306 3346 344 3390 ac
362 3327 475 3391 merito
496 3326 539 3391 ad
561 3345 759 3390 communem
778 3346 870 3389 usum
891 3325 1097 3389 constitutam
1118 3324 1265 3408 reliquis·

56 3447 141 3506 sem3
172 3447 237 3508 qua
259 3427 343 3492 enim
366 3428 400 3492 in
419 3450 455 3493 re
471 3428 551 3493 nihil
570 3428 650 3493 satis
672 3427 714 3494 ad
733 3426 888 3510 liquidum
907 3427 1040 3511 perduci
1065 3433 1188 3510 potest,
1209 3431 1264 3494 im-

53 3530 168 3617 primis
185 3532 215 3591 σι’
231 3531 335 3612 magni
348 3552 407 3615 per
426 3553 457 3595 sc
478 3531 616 3595 momenti
635 3552 696 3595 noa
722 3543 778 3606 est,
807 3548 961 3611 quorsum
984 3529 1089 3595 multa
1112 3530 1264 3619 moliaris,

57 3651 145 3714 quae
166 3630 299 3694 consilio
318 3650 357 3695 ex
375 3636 469 3714 parte
489 3637 616 3696 tantum
640 3630 861 3716 respondent“
904 3634 951 3695 Ac
978 3652 1076 3711 nunc,
1108 3653 1205 3716 quum
1229 3634 1264 3699 in

57 3730 293 3815 orthographia
313 3752 437 3798 summa
457 3733 604 3800 doctrina
620 3738 773 3818 ponatur,
796 3731 988 3799 Ribbeckius
1004 3736 1073 3817 ipss
1093 3736 1160 3800 eius
1182 3738 1264 3802 artis

57 3833 372 3914 observantissimus,
409 3835 443 3899 in
466 3835 605 3902 editione
631 3836 753 3901 minore
788 3836 886 3902 aliam
911 3836 1002 3919 sequi
1035 3858 1069 3903 se
1096 3839 1264 3906 confitetur

58 3958 159 4022 quam
186 3938 219 4001 in
245 3937 366 4003 maiore
394 3943 445 4017 „et
468 3937 502 4003 in
528 3938 778 4022 orthographiae
804 3958 919 4020 genere
946 3940 1066 4022 partim
1092 3941 1134 4005 ad
1161 3943 1263 4007 nostri

57 4041 131 4106 aevi
151 4040 410 4106 consuetudinem
433 4047 588 4124 quantum
609 4043 696 4106 salva
719 4041 922 4123 antiquitatis
947 4040 1010 4106 fids
1036 4040 1106 4106 fieri
1125 4050 1262 4127 poterat,

55 4143 343 4225 accommodatam,
363 4143 483 4227 partim
494 4142 595 4208 sicubi
612 4145 745 4210 meliora
766 4143 834 4208 dies
855 4143 1010 4208 docuerat
1029 4143 1262 4210 reformatam.“

58 4247 166 4324 Quare
188 4267 251 4310 non
271 4245 476 4330 repugnabit,
508 4245 536 4309 si
555 4247 683 4329 quises
702 4247 803 4330 ipsius
821 4244 1019 4312 documentis
1039 4247 1149 4331 aliqua
1168 4248 1262 4311 aliter

57 4348 273 4427 demonstrat,
302 4369 399 4432 quarn
419 4349 489 4432 ipse
504 4347 588 4414 fecit
630 4349 740 4432 Neque
766 4348 849 4414 enim
877 4347 906 4412 is
930 4369 1014 4431 sum,
1040 4349 1095 4432 qui
1121 4349 1261 4431 antiqui-

55 4450 138 4517 tatis
156 4451 311 4516 rationem
335 4472 400 4518 non
426 4450 576 4531 habeam,
601 4470 702 4534 neque
726 4450 760 4516 id
789 4449 1005 4534 probaverim,
1031 4449 1117 4532 quod
1138 4457 1171 4515 et
1187 4451 1260 4517 Rib-
