2856 4876
593 163 798 217 remissio.
1246 156 1303 199 ¹¹¹

102 349 234 413 stratur.
277 339 383 424 Atque
406 337 439 404 in
466 336 522 402 illo
550 341 707 402 conventu
736 337 790 401 sc.
831 336 886 416 „In
912 333 996 400 nllen
1016 333 1138 400 melnen
1156 330 1232 396 Mse.
1261 328 1305 394 ist

102 446 274 527 durchweg
280 441 439 525 Vergilius
454 462 494 504 zu
513 439 608 505 lesen.
650 438 717 504 huf
734 438 941 504 lateinischeu
956 436 1146 503 Insohrit'ten
1163 433 1304 517 wird(!)

105 548 267 632 Vergilius
292 546 351 612 mit
371 544 384 610 i
408 541 497 608 nicht
524 563 581 607 ror
607 540 677 606 dem
701 540 819 607 dritten
839 540 1057 607 Jshrhundert
1077 539 1306 604 vorhommen.“

102 653 206 721 Addit
236 650 375 715 Graecos
407 645 572 728 scripsisse
599 639 796 727 Οὐεργίλιος.
846 645 889 710 Et
922 665 1020 727 quum
1055 644 1089 709 F.
1120 641 1307 719 Schultuius,

106 758 135 820 is
166 752 222 836 qui
247 749 378 832 scripsit
397 747 637 831 „quaestionum
660 746 983 830 orthographicarum
1001 745 1121 825 deces‘,
1151 746 1185 810 in
1206 765 1309 827 eoque

107 857 215 924 libello
255 854 391 921 lormsm
420 848 574 932 Virgilius
612 848 692 914 bene
733 848 882 927 defendit
922 854 1033 914 notum
1072 848 1152 914 illud
1192 867 1309 912 memo-

110 962 211 1024 rasset
240 953 463 1039 neopoleos)
492 957 525 1016 et
554 970 623 1016 esse
659 952 798 1037 Virpr'liur
819 951 853 1016 in
886 951 1033 1016 Peletino
1067 957 1099 1018 et
1130 951 1216 1035 apud
1242 950 1310 1014 Pri·

111 1063 265 1127 scianum:
298 1058 353 1124 Ill.
395 1054 564 1135 „Priscian
584 1052 695 1137 inquit.
715 1054 759 1119 ist
783 1059 850 1119 eret
869 1075 927 1120 sus
954 1053 1026 1121 dem
1054 1053 1199 1120 sechsteu
1220 1072 1311 1132 suec„

110 1164 160 1228 die
181 1160 335 1227 Insohrilt
352 1156 500 1224 eusdem
521 1155 658 1236 finften,
684 1155 836 1221 whhreud
853 1157 956 1222 meine
975 1157 1110 1223 itltesten
1129 1156 1203 1221 Mos.
1225 1156 1312 1221 einer

109 1265 260 1332 fritheren
284 1263 354 1328 Zeit
382 1259 573 1343 angehiiren.
615 1259 698 1324 Dese
724 1257 874 1341 ebrigens
901 1257 960 1324 suf
985 1259 1037 1325 die
1054 1259 1207 1342 hngaben
1234 1256 1313 1322 iiber

108 1368 170 1433 den
189 1366 352 1431 Palatinus
372 1384 433 1430 von
452 1362 636 1444 Ambrogio‚
657 1361 717 1427 den
738 1361 877 1445 Wagner
895 1361 943 1426 sls
963 1361 1052 1427 einen
1068 1360 1313 1428 Gewiihrsmaun

110 1475 217 1548 neunt,
238 1466 327 1533 nicht
348 1465 405 1532 der
424 1467 586 1550 geringste
602 1466 732 1532 Verluss
749 1465 804 1546 ist,
824 1464 908 1531 habe
926 1462 979 1529 ioh
1000 1462 1099 1529 sehon
1119 1483 1177 1528 vor
1194 1461 1314 1527 Jehren

110 1572 258 1639 erhliirt.“
312 1569 379 1635 Neo
404 1573 512 1635 tumen
538 1568 663 1648 attulit,
691 1587 774 1651 quse
800 1589 877 1634 rere
902 1568 1062 1651 scripture
1091 1572 1174 1633 esset
1199 1565 1233 1632 in
1256 1565 1315 1628 Pe-

110 1675 213 1740 lstino
232 1672 304 1752 illo,
333 1693 426 1754 quem
453 1673 523 1754 ipse
550 1670 706 1753 optimum
733 1669 945 1750 iudicaverat,
974 1669 1131 1753 usquein
1159 1667 1215 1733 illo
1241 1686 1316 1730 con·

111 1782 209 1841 ventu
237 1794 338 1856 neque
366 1774 400 1838 in
428 1774 566 1838 editione
599 1792 665 1837 sua.
719 1773 842 1838 Deinde
869 1771 951 1838 illud
973 1773 1101 1850 mirum,
1141 1769 1228 1855 quod
1255 1766 1318 1833 Msi

114 1900 141 1956 c,
158 1882 195 1939 ut
215 1874 361 1955 exempla
378 1880 507 1938 exstent
523 1894 660 1956 suprap.
670 1874 786 1953 XVIII,
798 1877 988 1959 scripturum
1007 1874 1120 1940 ceteris
1130 1870 1319 1956 praetulerit

118 1974 280 2050 omnibus,
317 1973 351 2037 id
372 1975 406 2039 in
440 1974 503 2039 hoc
533 1974 660 2039 nomine
691 1974 797 2040 iecere
824 1977 970 2042 noluerit.
1012 1975 1107 2040 Hulm
1131 1975 1225 2054 „Was
1256 1973 1318 2038 den

116 2079 238 2143 Namen
266 2077 405 2161 Verprb'ue
425 2075 561 2154 burim,
593 2095 629 2141 so
651 2077 795 2143 erinnere
816 2077 868 2142 ich
889 2078 974 2143 mich
996 2078 1053 2142 ihu
1071 2078 1104 2142 in
1120 2077 1195 2141 Mss.
1215 2076 1269 2139 des
1291 2080 1320 2139 9.
1422 2109 1424 2112 >

118 2180 183 2245 und
204 2184 250 2244 10.
271 2199 352 2243 seeo.
372 2181 432 2262 sort
449 2173 633 2244 niesnders
651 2177 699 2243 sle
718 2179 811 2263 Verg.
833 2180 958 2263 gelcson
978 2203 1017 2245 zu
1033 2178 1164 2245 hsben.“
1204 2178 1321 2243 Similis

118 2289 168 2348 est
192 2281 308 2347 relatio
337 2279 468 2346 Teuffeli
495 2282 585 2346 Rem.
612 2281 784 2365 Littgesch.
812 2303 841 2365 p.
865 2286 925 2347 389
951 2283 1021 2363 „dle
1048 2280 1240 2348 Inschriften
1264 2302 1322 2346 eus

119 2385 176 2449 der
196 2384 264 2448 Zeit
281 2381 338 2446 der
359 2383 517 2465 Republik
538 2384 604 2449 und
623 2383 684 2449 deu
706 2390 812 2449 ersten
837 2385 1041 2452 christlichen
1063 2383 1323 2451 Jehrhunderten

120 2487 260 2571 (videtur
279 2485 397 2549 multas
417 2485 499 2550 scire
512 2485 641 2551 illorum
658 2491 836 2570 temporum
854 2486 1089 2572 inscriptiones)
1110 2486 1217 2554 huben
1230 2487 1324 2553 iiber·
1383 2537 1386 2540 .
1413 2524 1418 2531 -

120 2587 261 2670 wiegend
282 2609 299 2652 e
320 2587 465 2672 (Aliquot
483 2588 584 2671 igitur
602 2589 617 2652 ι’
635 2591 789 2672 servent);
814 2595 881 2655 eret
897 2589 941 2653 im
957 2590 1145 2656 Mittelelter
1165 2589 1324 2674 ungesdhr

122 2691 183 2755 seit
203 2711 286 2755 seeo.
309 2695 326 2754 9
347 2690 439 2773 ltingt
465 2689 609 2756 daneben
638 2691 689 2756 die
716 2691 904 2757 Schreiburt
918 2692 1006 2774 Virg.
1027 2713 1069 2757 en
1094 2694 1324 2779 ooszukommen.

123 2794 225 2876 (ilaec
250 2793 334 2856 iuter
360 2813 394 2858 se
422 2791 654 2877 adversentur.)
696 2795 797 2859 Nemo
822 2793 927 2859 sdhuo
953 2800 1107 2877 quantum
1132 2795 1244 2876 eciem,
1284 2795 1326 2859 ed

125 2894 262 2959 nominis
283 2894 476 2976 scripturum
501 2893 716 2978 indagandam
742 2895 844 2961 libros
870 2898 1102 2981 manuscriptos
1127 2897 1255 2963 Horatii
1277 2898 1327 2963 ci-

125 2997 249 3062 ceronis
270 2996 408 3060 aliorum
431 3017 504 3060 cum
526 2995 694 3080 diligentis
709 3018 748 3064 so
772 2997 835 3063 fide
855 2999 1002 3079 contulit,
1024 2999 1059 3064 id
1082 2999 1168 3084 quod
1191 3000 1328 3066 maxime

124 3122 203 3184 opus
225 3103 282 3164 est

208 3202 314 3266 Peuce
347 3200 445 3264 etiam
475 3199 610 3266 dicende
639 3208 713 3267 suut
745 3201 785 3267 de
814 3202 1075 3287 interpunctione.
1117 3206 1164 3270 Ao
1192 3205 1330 3288 primum

128 3305 207 3371 illud
241 3302 556 3368 animadvertendum
583 3309 632 3369 est
656 3304 689 3368 in
713 3305 823 3388 lingue
858 3307 1001 3371 Romane
1037 3308 1212 3373 orationem
1244 3313 1330 3372 recte

127 3407 337 3488 compositam
358 3405 495 3487 intelligi
516 3406 612 3473 nullis
629 3407 755 3472 omnino
777 3407 896 3473 additis
917 3409 1031 3492 elgnis,
1062 3431 1218 3495 quercea
1240 3411 1332 3494 signe

128 3509 155 3571 si
175 3507 343 3588 adduntur,
366 3507 456 3572 etad
473 3509 662 3573 sententiam
685 3510 915 3594 explanandum
932 3511 1077 3577 adhiberi
1104 3520 1238 3595 possunt
1264 3515 1332 3579 uni-

129 3630 252 3673 versam
269 3616 301 3674 et
321 3611 363 3675 ed
381 3611 521 3693 singulas
542 3613 697 3677 enuntiati
713 3619 822 3699 pestes
837 3635 896 3696 pro
915 3615 1089 3680 sententiae
1100 3616 1332 3700 rationemegis

128 3711 335 3776 extollendos.
377 3713 479 3790 Quum
499 3712 561 3779 hoc
576 3721 730 3798 praestet,
758 3738 882 3782 comme
906 3739 1128 3801 nonnunquam
1155 3721 1260 3803 posui,
1296 3727 1333 3786 ut

129 3814 309 3880 cohiberem
330 3815 487 3898 legentem
504 3837 542 3881 so
563 3838 709 3900 cogerem
720 3819 838 3885 diutius
857 3819 1210 3907 shquidcontemplori;
1234 3824 1334 3904 omisi,

254 3976 264 3980 -
291 3976 325 3981 --
337 3976 376 3981 ...a
387 3975 429 3980 -.ω
439 3974 527 3982 --—-

212 4060 240 4117 ⁶)
257 4055 286 4107 ld
303 4070 333 4108 eo
352 4056 459 4109 maioris
477 4064 517 4109 est
535 4058 668 4121 momenti,
686 4059 814 4125 etquidem
833 4060 1013 4127 hittenherger
1029 4064 1155 4124 (Hermes
1174 4065 1208 4114 Vl
1226 4079 1251 4130 p.
1275 4064 1335 4122 129)

130 4157 187 4206 sqq.
197 4142 281 4205 docet,
301 4141 412 4205 lbi-eve,
428 4143 498 4210 quod
517 4150 572 4194 eret
585 4144 612 4194 in
628 4144 752 4195 homenis
770 4145 930 4210 nominibus,
948 4147 1077 4199 sGruecis
1091 4149 1153 4200 verti
1171 4149 1254 4198 solere
1272 4148 1298 4196 ln
1315 4160 1336 4202 ε,

130 4235 160 4277 ut
179 4223 315 4294 Τεβέριος,
334 4225 477 4292 Δομέτιος,
495 4222 682 4288 Καπετώλιον,
702 4235 727 4280 et
744 4245 773 4281 es
789 4232 876 4283 Inesse
893 4238 919 4283 et
935 4232 962 4283 in
984 4232 1200 4298 inscriptionibus
1217 4231 1250 4279 sb
1269 4243 1337 4278 suno

135 4316 180 4363 105
199 4318 259 4363 aute
275 4312 334 4365 Chr.
352 4313 383 4364 sd
402 4313 451 4365 248
469 4319 529 4380 post
545 4312 612 4376 Chn,
628 4322 654 4366 et
671 4315 698 4366 iu
716 4316 781 4367 uss.
799 4315 910 4382 Polybi,
928 4316 1058 4382 DionysiI,
1077 4313 1215 4367 Plutarchi.
1250 4314 1338 4375 Neque

132 4400 158 4449 in
179 4398 275 4449 Grsem
292 4397 382 4465 lingue
400 4398 501 4451 litterae
520 4417 564 4466 app
582 4400 650 4453 inter
668 4415 697 4451 se
714 4399 867 4466 iunguntur,
886 4400 960 4452 icelle
975 4416 1033 4467 epm
1068 4414 1147 4464 quere
1173 4398 1218 4462 qui
1235 4396 1340 4462 scrIpslt

133 4485 215 4550 Bapp,
232 4485 255 4536 is
273 4483 346 4535 nullo
365 4483 443 4536 modo
459 4485 510 4537 sihi
530 4483 607 4538 licere
624 4483 737 4536 seribere
759 4486 826 4550 Βεργ
843 4485 1009 4538 intellexerit.
