<?xml version="1.0" encoding="UTF-8"?>
<!DOCTYPE html PUBLIC "-//W3C//DTD XHTML 1.0 Transitional//EN"
    "http://www.w3.org/TR/xhtml1/DTD/xhtml1-transitional.dtd">
<html xmlns="http://www.w3.org/1999/xhtml" xml:lang="en" lang="en">
 <head>
  <title>
</title>
<meta http-equiv="Content-Type" content="text/html;charset=utf-8" />
  <meta name='ocr-system' content='tesseract 3.04.00' />
  <meta name='ocr-capabilities' content='ocr_page ocr_carea ocr_par ocr_line ocrx_word'/>
</head>
<body>
  <div class='ocr_page' id='page_1' title='image "aeneisinusumsch01virggoog_0095.png"; bbox 0 0 2856 4876; ppageno 0'>
   <div class='ocr_carea' id='block_1_1' title="bbox 431 732 984 822">
    <p class='ocr_par' dir='ltr' id='par_1_1' title="bbox 431 732 984 822">
     <span class='ocr_line' id='line_1_1' title="bbox 431 732 984 822; baseline 0.004 -2"><span class='ocrx_word' id='word_1_1' title='bbox 431 735 474 821; x_wconf 90' lang='lat' dir='ltr'>P.</span> <span class='ocrx_word' id='word_1_2' title='bbox 512 732 725 822; x_wconf 80' lang='lat' dir='ltr'>Viituiiii</span> <span class='ocrx_word' id='word_1_3' title='bbox 756 732 984 822; x_wconf 66' lang='lat' dir='ltr'>iiiitoitii</span> 
     </span>
    </p>
   </div>
   <div class='ocr_carea' id='block_1_2' title="bbox 305 915 1103 1055">
    <p class='ocr_par' dir='ltr' id='par_1_2' title="bbox 305 915 1103 1055">
     <span class='ocr_line' id='line_1_2' title="bbox 305 915 1103 1055; baseline 0.005 -4"><span class='ocrx_word' id='word_1_4' title='bbox 305 915 1103 1055; x_wconf 79' lang='lat' dir='ltr'><strong>AENEIDOS</strong></span> 
     </span>
    </p>
   </div>
   <div class='ocr_carea' id='block_1_3' title="bbox 500 1144 908 1237">
    <p class='ocr_par' dir='ltr' id='par_1_3' title="bbox 500 1144 908 1237">
     <span class='ocr_line' id='line_1_3' title="bbox 500 1144 908 1237; baseline 0 -2"><span class='ocrx_word' id='word_1_5' title='bbox 500 1147 634 1236; x_wconf 85' lang='lat' dir='ltr'><strong>LIBER</strong></span> <span class='ocrx_word' id='word_1_6' title='bbox 674 1144 908 1237; x_wconf 80' lang='lat' dir='ltr'>SECUNDUS.</span> 
     </span>
    </p>
   </div>
   <div class='ocr_carea' id='block_1_4' title="bbox 91 1469 1314 2007">
    <p class='ocr_par' dir='ltr' id='par_1_4' title="bbox 91 1469 900 1579">
     <span class='ocr_line' id='line_1_4' title="bbox 91 1469 900 1579; baseline -0.006 -17"><span class='ocrx_word' id='word_1_7' title='bbox 91 1469 284 1562; x_wconf 76' lang='lat' dir='ltr'>Conticuere</span> <span class='ocrx_word' id='word_1_8' title='bbox 313 1517 422 1562; x_wconf 88' lang='lat' dir='ltr'>omnes</span> <span class='ocrx_word' id='word_1_9' title='bbox 450 1497 629 1579; x_wconf 87' lang='lat' dir='ltr'>intentique</span> <span class='ocrx_word' id='word_1_10' title='bbox 658 1517 716 1561; x_wconf 89' lang='lat' dir='ltr'>ora</span> <span class='ocrx_word' id='word_1_11' title='bbox 738 1494 900 1560; x_wconf 89' lang='lat' dir='ltr'>tenebant.</span> 
     </span>
    </p>

    <p class='ocr_par' dir='ltr' id='par_1_5' title="bbox 91 1581 912 1666">
     <span class='ocr_line' id='line_1_5' title="bbox 91 1581 912 1666; baseline -0.004 -19"><span class='ocrx_word' id='word_1_12' title='bbox 91 1583 172 1647; x_wconf 91' lang='lat' dir='ltr'>Inde</span> <span class='ocrx_word' id='word_1_13' title='bbox 197 1589 270 1648; x_wconf 90' lang='lat' dir='ltr'>toro</span> <span class='ocrx_word' id='word_1_14' title='bbox 296 1588 391 1666; x_wconf 86' lang='lat' dir='ltr'>pater</span> <span class='ocrx_word' id='word_1_15' title='bbox 415 1584 539 1647; x_wconf 83' lang='lat' dir='ltr'>Aeneas</span> <span class='ocrx_word' id='word_1_16' title='bbox 564 1585 610 1647; x_wconf 82' lang='lat' dir='ltr'>sio</span> <span class='ocrx_word' id='word_1_17' title='bbox 637 1603 729 1647; x_wconf 85' lang='lat' dir='ltr'>orsus</span> <span class='ocrx_word' id='word_1_18' title='bbox 757 1581 798 1646; x_wconf 88' lang='lat' dir='ltr'>ab</span> <span class='ocrx_word' id='word_1_19' title='bbox 829 1582 912 1645; x_wconf 84' lang='lat' dir='ltr'>alto:</span> 
     </span>
    </p>

    <p class='ocr_par' dir='ltr' id='par_1_6' title="bbox 91 1667 934 1751">
     <span class='ocr_line' id='line_1_6' title="bbox 91 1667 934 1751; baseline -0.002 -19"><span class='ocrx_word' id='word_1_20' title='bbox 91 1669 279 1749; x_wconf 84' lang='lat' dir='ltr'>Infandum,</span> <span class='ocrx_word' id='word_1_21' title='bbox 310 1669 449 1751; x_wconf 86' lang='lat' dir='ltr'>Regina,</span> <span class='ocrx_word' id='word_1_22' title='bbox 481 1667 571 1733; x_wconf 85' lang='lat' dir='ltr'>iubes</span> <span class='ocrx_word' id='word_1_23' title='bbox 600 1689 755 1733; x_wconf 85' lang='lat' dir='ltr'>renovare</span> <span class='ocrx_word' id='word_1_24' title='bbox 782 1667 934 1745; x_wconf 85' lang='lat' dir='ltr'>dolorem,</span> 
     </span>
    </p>

    <p class='ocr_par' dir='ltr' id='par_1_7' title="bbox 93 1754 875 1835">
     <span class='ocr_line' id='line_1_7' title="bbox 93 1754 875 1835; baseline -0.004 -17"><span class='ocrx_word' id='word_1_25' title='bbox 93 1754 250 1818; x_wconf 84' lang='lat' dir='ltr'>Troianas</span> <span class='ocrx_word' id='word_1_26' title='bbox 281 1759 318 1816; x_wconf 88' lang='lat' dir='ltr'>ut</span> <span class='ocrx_word' id='word_1_27' title='bbox 348 1775 424 1835; x_wconf 78' lang='lat' dir='ltr'>opes</span> <span class='ocrx_word' id='word_1_28' title='bbox 453 1758 486 1817; x_wconf 88' lang='lat' dir='ltr'>et</span> <span class='ocrx_word' id='word_1_29' title='bbox 509 1754 715 1819; x_wconf 82' lang='lat' dir='ltr'>lamentabile</span> <span class='ocrx_word' id='word_1_30' title='bbox 741 1774 875 1834; x_wconf 84' lang='lat' dir='ltr'>regnum</span> 
     </span>
    </p>

    <p class='ocr_par' dir='ltr' id='par_1_8' title="bbox 93 1837 1314 2007">
     <span class='ocr_line' id='line_1_8' title="bbox 93 1837 1314 1922; baseline -0.002 -19"><span class='ocrx_word' id='word_1_31' title='bbox 93 1839 247 1903; x_wconf 84' lang='lat' dir='ltr'>Emerint</span> <span class='ocrx_word' id='word_1_32' title='bbox 271 1840 390 1917; x_wconf 80' lang='lat' dir='ltr'>Danai,</span> <span class='ocrx_word' id='word_1_33' title='bbox 420 1859 566 1920; x_wconf 88' lang='lat' dir='ltr'>quaeque</span> <span class='ocrx_word' id='word_1_34' title='bbox 594 1841 663 1922; x_wconf 88' lang='lat' dir='ltr'>ipse</span> <span class='ocrx_word' id='word_1_35' title='bbox 689 1840 871 1904; x_wconf 87' lang='lat' dir='ltr'>miserrima</span> <span class='ocrx_word' id='word_1_36' title='bbox 895 1837 969 1915; x_wconf 85' lang='lat' dir='ltr'>vidi,</span> <span class='ocrx_word' id='word_1_37' title='bbox 1296 1843 1314 1901; x_wconf 84' lang='lat'>5</span> 
     </span>
     <span class='ocr_line' id='line_1_9' title="bbox 95 1923 984 2007; baseline 0 -20"><span class='ocrx_word' id='word_1_38' title='bbox 95 1924 139 1988; x_wconf 87' lang='lat' dir='ltr'>Et</span> <span class='ocrx_word' id='word_1_39' title='bbox 164 1945 302 2006; x_wconf 90' lang='lat' dir='ltr'>quorum</span> <span class='ocrx_word' id='word_1_40' title='bbox 325 1944 402 2007; x_wconf 85' lang='lat' dir='ltr'>pars</span> <span class='ocrx_word' id='word_1_41' title='bbox 428 1945 546 2006; x_wconf 82' lang='lat' dir='ltr'>magna</span> <span class='ocrx_word' id='word_1_42' title='bbox 571 1924 627 1989; x_wconf 85' lang='lat' dir='ltr'>fui.</span> <span class='ocrx_word' id='word_1_43' title='bbox 671 1926 748 2004; x_wconf 81' lang='lat' dir='ltr'>Quis</span> <span class='ocrx_word' id='word_1_44' title='bbox 776 1925 858 1989; x_wconf 82' lang='lat' dir='ltr'>talia</span> <span class='ocrx_word' id='word_1_45' title='bbox 886 1923 984 1988; x_wconf 87' lang='lat' dir='ltr'>fando</span> 
     </span>
    </p>
   </div>
   <div class='ocr_carea' id='block_1_5' title="bbox 98 2094 1317 2160">
    <p class='ocr_par' dir='ltr' id='par_1_9' title="bbox 98 2094 1317 2160">
     <span class='ocr_line' id='line_1_10' title="bbox 98 2094 1317 2160; baseline -0.003 -12"><span class='ocrx_word' id='word_1_46' title='bbox 98 2098 196 2148; x_wconf 80' lang='lat' dir='ltr'>t-ta.</span> <span class='ocrx_word' id='word_1_47' title='bbox 224 2095 321 2146; x_wconf 84' lang='lat' dir='ltr'>Didoni</span> <span class='ocrx_word' id='word_1_48' title='bbox 347 2096 445 2160; x_wconf 85' lang='lat' dir='ltr'>petenti</span> <span class='ocrx_word' id='word_1_49' title='bbox 470 2095 573 2147; x_wconf 78' lang='lat' dir='ltr'>Aeneas</span> <span class='ocrx_word' id='word_1_50' title='bbox 598 2096 689 2147; x_wconf 76' lang='lat' dir='ltr'>Troiae</span> <span class='ocrx_word' id='word_1_51' title='bbox 755 2099 779 2146; x_wconf 91' lang='grc'>3.</span> <span class='ocrx_word' id='word_1_52' title='bbox 800 2097 933 2159; x_wconf 72' lang='lat' dir='ltr'>infandus</span> <span class='ocrx_word' id='word_1_53' title='bbox 952 2094 1025 2145; x_wconf 80' lang='lat' dir='ltr'>dolor</span> <span class='ocrx_word' id='word_1_54' title='bbox 1040 2100 1086 2156; x_wconf 82' lang='lat' dir='ltr'>eri,</span> <span class='ocrx_word' id='word_1_55' title='bbox 1104 2098 1145 2152; x_wconf 78' lang='lat' dir='ltr'>qui</span> <span class='ocrx_word' id='word_1_56' title='bbox 1166 2099 1250 2144; x_wconf 78' lang='lat' dir='ltr'>veritis</span> <span class='ocrx_word' id='word_1_57' title='bbox 1267 2111 1317 2145; x_wconf 88' lang='lat' dir='ltr'>non</span> 
     </span>
    </p>
   </div>
   <div class='ocr_carea' id='block_1_6' title="bbox 214 2164 1410 2230">
    <p class='ocr_par' dir='ltr' id='par_1_10' title="bbox 214 2164 1410 2230">
     <span class='ocr_line' id='line_1_11' title="bbox 214 2164 1410 2230; baseline -0.001 -16"><span class='ocrx_word' id='word_1_58' title='bbox 214 2178 318 2214; x_wconf 83' lang='lat' dir='ltr'>narrare</span> <span class='ocrx_word' id='word_1_59' title='bbox 336 2170 410 2230; x_wconf 84' lang='lat' dir='ltr'>peret</span> <span class='ocrx_word' id='word_1_60' title='bbox 426 2164 570 2215; x_wconf 82' lang='lat' dir='ltr'>interitum.</span> <span class='ocrx_word' id='word_1_61' title='bbox 723 2176 803 2224; x_wconf 71' lang='lat' dir='ltr'>potest</span> <span class='ocrx_word' id='word_1_62' title='bbox 826 2169 930 2224; x_wconf 77' lang='lat' dir='ltr'>exprimi</span> <span class='ocrx_word' id='word_1_63' title='bbox 953 2170 983 2211; x_wconf 84' lang='lat' dir='ltr'>oh</span> <span class='ocrx_word' id='word_1_64' title='bbox 1011 2167 1046 2211; x_wconf 92' lang='lat' dir='ltr'>rei</span> <span class='ocrx_word' id='word_1_65' title='bbox 1072 2168 1238 2222; x_wconf 74' lang='lat' dir='ltr'>asperitatem.</span> <span class='ocrx_word' id='word_1_66' title='bbox 1274 2169 1316 2213; x_wconf 77' lang='lat' dir='ltr'>Sio</span> <span class='ocrx_word' id='word_1_67' title='bbox 1408 2196 1410 2201; x_wconf 85' lang='lat'><em>.</em></span> 
     </span>
    </p>
   </div>
   <div class='ocr_carea' id='block_1_7' title="bbox 92 2232 1320 3924">
    <p class='ocr_par' dir='ltr' id='par_1_11' title="bbox 92 2232 1319 3243">
     <span class='ocr_line' id='line_1_12' title="bbox 128 2232 1317 2295; baseline -0.002 -13"><span class='ocrx_word' id='word_1_68' title='bbox 128 2237 240 2283; x_wconf 75' lang='lat' dir='ltr'>Difficilis</span> <span class='ocrx_word' id='word_1_69' title='bbox 266 2245 319 2283; x_wconf 87' lang='lat' dir='ltr'>erat</span> <span class='ocrx_word' id='word_1_70' title='bbox 342 2239 444 2282; x_wconf 82' lang='lat' dir='ltr'>Aeneue</span> <span class='ocrx_word' id='word_1_71' title='bbox 469 2240 499 2282; x_wconf 91' lang='lat' dir='ltr'>tie</span> <span class='ocrx_word' id='word_1_72' title='bbox 524 2249 554 2283; x_wconf 89' lang='lat' dir='ltr'>ee</span> <span class='ocrx_word' id='word_1_73' title='bbox 572 2238 688 2283; x_wconf 79' lang='lat' dir='ltr'>narratio.</span> <span class='ocrx_word' id='word_1_74' title='bbox 722 2233 851 2290; x_wconf 70' lang='lat' dir='ltr'>infantiae</span> <span class='ocrx_word' id='word_1_75' title='bbox 872 2232 965 2283; x_wconf 74' lang='lat' dir='ltr'>coedes</span> <span class='ocrx_word' id='word_1_76' title='bbox 986 2233 1010 2293; x_wconf 82' lang='grc'>3,</span> <span class='ocrx_word' id='word_1_77' title='bbox 1028 2232 1085 2279; x_wconf 83' lang='grc'>483.</span> <span class='ocrx_word' id='word_1_78' title='bbox 1120 2232 1250 2295; x_wconf 77' lang='lat' dir='ltr'>infandus</span> <span class='ocrx_word' id='word_1_79' title='bbox 1269 2248 1317 2280; x_wconf 84' lang='lat' dir='ltr'>co-</span> 
     </span>
     <span class='ocr_line' id='line_1_13' title="bbox 92 2301 1315 2361; baseline -0.003 -9"><span class='ocrx_word' id='word_1_80' title='bbox 92 2307 203 2352; x_wconf 80' lang='lat' dir='ltr'>Detebet</span> <span class='ocrx_word' id='word_1_81' title='bbox 226 2306 290 2350; x_wconf 85' lang='lat' dir='ltr'>enirn</span> <span class='ocrx_word' id='word_1_82' title='bbox 316 2307 406 2361; x_wconf 77' lang='lat' dir='ltr'>vitare,</span> <span class='ocrx_word' id='word_1_83' title='bbox 435 2316 467 2351; x_wconf 87' lang='lat' dir='ltr'>ne</span> <span class='ocrx_word' id='word_1_84' title='bbox 486 2306 611 2351; x_wconf 84' lang='lat' dir='ltr'>vitiaretur</span> <span class='ocrx_word' id='word_1_85' title='bbox 628 2318 688 2351; x_wconf 79' lang='lat' dir='ltr'>eese</span> <span class='ocrx_word' id='word_1_86' title='bbox 722 2318 765 2351; x_wconf 83' lang='lat' dir='ltr'>eae</span> <span class='ocrx_word' id='word_1_87' title='bbox 783 2304 842 2350; x_wconf 73' lang='lat' dir='ltr'>ote.</span> <span class='ocrx_word' id='word_1_88' title='bbox 879 2304 914 2351; x_wconf 78' lang='lat' dir='ltr'>ct.</span> <span class='ocrx_word' id='word_1_89' title='bbox 936 2303 956 2360; x_wconf 88' lang='grc' dir='ltr'>Ι,</span> <span class='ocrx_word' id='word_1_90' title='bbox 973 2302 1030 2348; x_wconf 76' lang='grc'><strong>525.</strong></span> <span class='ocrx_word' id='word_1_91' title='bbox 1062 2303 1100 2361; x_wconf 87' lang='grc'>10,</span> <span class='ocrx_word' id='word_1_92' title='bbox 1115 2301 1173 2348; x_wconf 79' lang='grc'>613.</span> <span class='ocrx_word' id='word_1_93' title='bbox 1205 2303 1242 2361; x_wconf 81' lang='lat' dir='ltr'>ii,</span> <span class='ocrx_word' id='word_1_94' title='bbox 1258 2303 1315 2349; x_wconf 74' lang='lat'>257.</span> 
     </span>
     <span class='ocr_line' id='line_1_14' title="bbox 92 2370 1316 2431; baseline -0.002 -12"><span class='ocrx_word' id='word_1_95' title='bbox 92 2375 232 2431; x_wconf 75' lang='lat' dir='ltr'>gloriosus,</span> <span class='ocrx_word' id='word_1_96' title='bbox 261 2384 326 2418; x_wconf 88' lang='lat' dir='ltr'>neve</span> <span class='ocrx_word' id='word_1_97' title='bbox 351 2384 426 2427; x_wconf 79' lang='lat' dir='ltr'>quum</span> <span class='ocrx_word' id='word_1_98' title='bbox 452 2385 484 2418; x_wconf 84' lang='lat' dir='ltr'>ex</span> <span class='ocrx_word' id='word_1_99' title='bbox 513 2383 586 2429; x_wconf 74' lang='lat' dir='ltr'>nepta</span> <span class='ocrx_word' id='word_1_100' title='bbox 612 2375 688 2420; x_wconf 77' lang='lat' dir='ltr'>&#39;i&#39;roia</span> <span class='ocrx_word' id='word_1_101' title='bbox 722 2373 763 2431; x_wconf 77' lang='lat'>12,</span> <span class='ocrx_word' id='word_1_102' title='bbox 779 2370 836 2417; x_wconf 77' lang='lat' dir='ltr'>eoi.</span> <span class='ocrx_word' id='word_1_103' title='bbox 872 2375 910 2418; x_wconf 80' lang='lat' dir='ltr'>Ati</span> <span class='ocrx_word' id='word_1_104' title='bbox 935 2384 986 2416; x_wconf 87' lang='lat' dir='ltr'>rem</span> <span class='ocrx_word' id='word_1_105' title='bbox 1009 2371 1089 2417; x_wconf 79' lang='lat' dir='ltr'>simite</span> <span class='ocrx_word' id='word_1_106' title='bbox 1113 2374 1190 2417; x_wconf 78' lang='lat' dir='ltr'>irenes</span> <span class='ocrx_word' id='word_1_107' title='bbox 1215 2374 1260 2418; x_wconf 85' lang='lat' dir='ltr'>ov.</span> <span class='ocrx_word' id='word_1_108' title='bbox 1283 2376 1316 2417; x_wconf 86' lang='lat' dir='ltr'>iii.</span> 
     </span>
     <span class='ocr_line' id='line_1_15' title="bbox 92 2436 1318 2502; baseline -0.002 -15"><span class='ocrx_word' id='word_1_109' title='bbox 92 2444 224 2499; x_wconf 82' lang='lat' dir='ltr'>eeeeieset‚</span> <span class='ocrx_word' id='word_1_110' title='bbox 238 2443 363 2487; x_wconf 81' lang='lat' dir='ltr'>videretur</span> <span class='ocrx_word' id='word_1_111' title='bbox 379 2453 439 2487; x_wconf 78' lang='lat' dir='ltr'>eene</span> <span class='ocrx_word' id='word_1_112' title='bbox 457 2442 571 2496; x_wconf 71' lang='lat' dir='ltr'>ignavus.</span> <span class='ocrx_word' id='word_1_113' title='bbox 589 2444 687 2488; x_wconf 86' lang='lat' dir='ltr'>Utrum·</span> <span class='ocrx_word' id='word_1_114' title='bbox 722 2440 766 2497; x_wconf 90' lang='grc'>14,</span> <span class='ocrx_word' id='word_1_115' title='bbox 785 2439 835 2486; x_wconf 77' lang='grc'>465</span> <span class='ocrx_word' id='word_1_116' title='bbox 868 2436 1012 2486; x_wconf 75' lang='lat' dir='ltr'>Admonitu</span> <span class='ocrx_word' id='word_1_117' title='bbox 1042 2451 1200 2502; x_wconf 81' lang='lat' dir='ltr'>quamquam</span> <span class='ocrx_word' id='word_1_118' title='bbox 1231 2436 1318 2487; x_wconf 79' lang='lat' dir='ltr'>luctae</span> 
     </span>
     <span class='ocr_line' id='line_1_16' title="bbox 93 2504 1318 2568; baseline -0.002 -13"><span class='ocrx_word' id='word_1_119' title='bbox 93 2523 141 2565; x_wconf 73' lang='lat' dir='ltr'>otte</span> <span class='ocrx_word' id='word_1_120' title='bbox 160 2517 313 2556; x_wconf 77' lang='lat' dir='ltr'>consecutus</span> <span class='ocrx_word' id='word_1_121' title='bbox 333 2516 370 2555; x_wconf 86' lang='lat' dir='ltr'>eet</span> <span class='ocrx_word' id='word_1_122' title='bbox 388 2516 468 2568; x_wconf 76' lang='lat' dir='ltr'>noete,</span> <span class='ocrx_word' id='word_1_123' title='bbox 486 2522 560 2563; x_wconf 80' lang='lat' dir='ltr'>nuum</span> <span class='ocrx_word' id='word_1_124' title='bbox 577 2513 688 2556; x_wconf 77' lang='lat' dir='ltr'>Aeneam</span> <span class='ocrx_word' id='word_1_125' title='bbox 720 2512 864 2556; x_wconf 83' lang='lat' dir='ltr'>renouatur</span> <span class='ocrx_word' id='word_1_126' title='bbox 880 2520 981 2553; x_wconf 83' lang='lat' dir='ltr'>amoro.</span> <span class='ocrx_word' id='word_1_127' title='bbox 997 2531 1031 2539; x_wconf 91' lang='lat'>—</span> <span class='ocrx_word' id='word_1_128' title='bbox 1044 2504 1117 2553; x_wconf 72' lang='lat' dir='ltr'>iuter</span> <span class='ocrx_word' id='word_1_129' title='bbox 1131 2519 1257 2554; x_wconf 79' lang='lat' dir='ltr'>renouare</span> <span class='ocrx_word' id='word_1_130' title='bbox 1272 2510 1318 2552; x_wconf 76' lang='lat' dir='ltr'>io·</span> 
     </span>
     <span class='ocr_line' id='line_1_17' title="bbox 93 2576 1317 2634; baseline -0.004 -9"><span class='ocrx_word' id='word_1_131' title='bbox 93 2586 144 2625; x_wconf 85' lang='lat' dir='ltr'>tam</span> <span class='ocrx_word' id='word_1_132' title='bbox 162 2581 357 2633; x_wconf 67' lang='lat' dir='ltr'>nemetense,</span> <span class='ocrx_word' id='word_1_133' title='bbox 380 2583 428 2622; x_wconf 78' lang='lat' dir='ltr'>inin</span> <span class='ocrx_word' id='word_1_134' title='bbox 448 2590 598 2633; x_wconf 65' lang='lat' dir='ltr'>erronearum</span> <span class='ocrx_word' id='word_1_135' title='bbox 615 2590 689 2633; x_wconf 75' lang='lat' dir='ltr'>pree·</span> <span class='ocrx_word' id='word_1_136' title='bbox 722 2581 799 2623; x_wconf 78' lang='lat' dir='ltr'>iorem</span> <span class='ocrx_word' id='word_1_137' title='bbox 817 2590 853 2622; x_wconf 81' lang='lat' dir='ltr'>so.</span> <span class='ocrx_word' id='word_1_138' title='bbox 874 2578 1009 2634; x_wconf 77' lang='lat' dir='ltr'>narrando,</span> <span class='ocrx_word' id='word_1_139' title='bbox 1029 2583 1054 2621; x_wconf 87' lang='lat' dir='ltr'>ui</span> <span class='ocrx_word' id='word_1_140' title='bbox 1071 2576 1185 2621; x_wconf 88' lang='lat' dir='ltr'>eruerint.</span> <span class='ocrx_word' id='word_1_141' title='bbox 1203 2600 1237 2608; x_wconf 96' lang='lat'>-</span> <span class='ocrx_word' id='word_1_142' title='bbox 1254 2580 1317 2622; x_wconf 84' lang='lat' dir='ltr'>Sae-</span> 
     </span>
     <span class='ocr_line' id='line_1_18' title="bbox 94 2644 1318 2704; baseline -0.002 -12"><span class='ocrx_word' id='word_1_143' title='bbox 94 2651 150 2693; x_wconf 78' lang='lat' dir='ltr'>teat</span> <span class='ocrx_word' id='word_1_144' title='bbox 172 2648 203 2691; x_wconf 79' lang='lat' dir='ltr'>ad</span> <span class='ocrx_word' id='word_1_145' title='bbox 224 2655 325 2700; x_wconf 73' lang='lat' dir='ltr'>peccate</span> <span class='ocrx_word' id='word_1_146' title='bbox 343 2646 492 2704; x_wconf 76' lang='lat' dir='ltr'>confitenda,</span> <span class='ocrx_word' id='word_1_147' title='bbox 517 2653 565 2692; x_wconf 88' lang='lat' dir='ltr'>tam</span> <span class='ocrx_word' id='word_1_148' title='bbox 587 2647 688 2692; x_wconf 85' lang='lat' dir='ltr'>eineero</span> <span class='ocrx_word' id='word_1_149' title='bbox 722 2648 779 2701; x_wconf 76' lang='lat' dir='ltr'>uitta</span> <span class='ocrx_word' id='word_1_150' title='bbox 796 2645 831 2703; x_wconf 83' lang='lat' dir='ltr'>ti,</span> <span class='ocrx_word' id='word_1_151' title='bbox 856 2653 892 2701; x_wconf 92' lang='lat' dir='ltr'>ut,</span> <span class='ocrx_word' id='word_1_152' title='bbox 912 2644 1073 2690; x_wconf 72' lang='lat' dir='ltr'>accusativus</span> <span class='ocrx_word' id='word_1_153' title='bbox 1092 2645 1145 2689; x_wconf 79' lang='lat' dir='ltr'>eine</span> <span class='ocrx_word' id='word_1_154' title='bbox 1163 2645 1205 2698; x_wconf 75' lang='lat' dir='ltr'>qui</span> <span class='ocrx_word' id='word_1_155' title='bbox 1221 2646 1318 2690; x_wconf 81' lang='lat' dir='ltr'>iubetur</span> 
     </span>
     <span class='ocr_line' id='line_1_19' title="bbox 95 2712 1319 2771; baseline -0.002 -12"><span class='ocrx_word' id='word_1_156' title='bbox 95 2713 465 2767; x_wconf 78' lang='lat' dir='ltr'>enimofeeiaeuenuaeiex</span> <span class='ocrx_word' id='word_1_157' title='bbox 486 2725 580 2760; x_wconf 85' lang='lat' dir='ltr'>renen</span> <span class='ocrx_word' id='word_1_158' title='bbox 602 2727 634 2759; x_wconf 82' lang='lat' dir='ltr'>ex</span> <span class='ocrx_word' id='word_1_159' title='bbox 650 2715 689 2768; x_wconf 78' lang='lat' dir='ltr'>in·</span> <span class='ocrx_word' id='word_1_160' title='bbox 723 2713 806 2758; x_wconf 79' lang='lat' dir='ltr'>faeere</span> <span class='ocrx_word' id='word_1_161' title='bbox 835 2714 938 2771; x_wconf 78' lang='lat' dir='ltr'>aiiuuiti,</span> <span class='ocrx_word' id='word_1_162' title='bbox 972 2715 1003 2756; x_wconf 83' lang='lat' dir='ltr'>ad</span> <span class='ocrx_word' id='word_1_163' title='bbox 1027 2712 1170 2757; x_wconf 80' lang='lat' dir='ltr'>infinitivum</span> <span class='ocrx_word' id='word_1_164' title='bbox 1195 2714 1319 2757; x_wconf 89' lang='lat' dir='ltr'>omittatur</span> 
     </span>
     <span class='ocr_line' id='line_1_20' title="bbox 96 2778 1317 2840; baseline -0.002 -13"><span class='ocrx_word' id='word_1_165' title='bbox 96 2782 152 2828; x_wconf 86' lang='lat' dir='ltr'>eine</span> <span class='ocrx_word' id='word_1_166' title='bbox 164 2783 252 2825; x_wconf 83' lang='lat' dir='ltr'>virtute</span> <span class='ocrx_word' id='word_1_167' title='bbox 263 2788 321 2828; x_wconf 84' lang='lat' dir='ltr'>nata</span> <span class='ocrx_word' id='word_1_168' title='bbox 333 2781 520 2840; x_wconf 76' lang='lat' dir='ltr'>describentem,</span> <span class='ocrx_word' id='word_1_169' title='bbox 534 2789 559 2826; x_wconf 90' lang='lat' dir='ltr'>ut</span> <span class='ocrx_word' id='word_1_170' title='bbox 570 2795 631 2827; x_wconf 86' lang='lat' dir='ltr'>vera</span> <span class='ocrx_word' id='word_1_171' title='bbox 643 2782 690 2827; x_wconf 85' lang='lat' dir='ltr'>viri</span> <span class='ocrx_word' id='word_1_172' title='bbox 724 2781 755 2826; x_wconf 85' lang='lat' dir='ltr'>ci.</span> <span class='ocrx_word' id='word_1_173' title='bbox 773 2785 813 2827; x_wconf 80' lang='lat' dir='ltr'>Gr.</span> <span class='ocrx_word' id='word_1_174' title='bbox 832 2782 849 2834; x_wconf 71' lang='lat' dir='ltr'>S</span> <span class='ocrx_word' id='word_1_175' title='bbox 868 2778 926 2825; x_wconf 87' lang='grc'>434.</span> <span class='ocrx_word' id='word_1_176' title='bbox 961 2784 1045 2833; x_wconf 76' lang='lat' dir='ltr'>Nonne</span> <span class='ocrx_word' id='word_1_177' title='bbox 1063 2783 1094 2825; x_wconf 83' lang='lat' dir='ltr'>ati</span> <span class='ocrx_word' id='word_1_178' title='bbox 1112 2792 1163 2825; x_wconf 85' lang='lat' dir='ltr'>rent</span> <span class='ocrx_word' id='word_1_179' title='bbox 1176 2779 1243 2838; x_wconf 71' lang='lat' dir='ltr'>feeit,</span> <span class='ocrx_word' id='word_1_180' title='bbox 1261 2780 1317 2825; x_wconf 87' lang='lat' dir='ltr'>eive</span> 
     </span>
     <span class='ocr_line' id='line_1_21' title="bbox 98 2847 1317 2906; baseline -0.001 -13"><span class='ocrx_word' id='word_1_181' title='bbox 98 2849 178 2894; x_wconf 80' lang='lat' dir='ltr'>virtue</span> <span class='ocrx_word' id='word_1_182' title='bbox 200 2851 303 2895; x_wconf 86' lang='lat' dir='ltr'>eluceat.</span> <span class='ocrx_word' id='word_1_183' title='bbox 321 2872 355 2882; x_wconf 89' lang='lat'><em>-</em></span> <span class='ocrx_word' id='word_1_184' title='bbox 377 2852 431 2895; x_wconf 83' lang='lat' dir='ltr'>Untt</span> <span class='ocrx_word' id='word_1_185' title='bbox 455 2856 479 2894; x_wconf 80' lang='lat' dir='ltr'>et</span> <span class='ocrx_word' id='word_1_186' title='bbox 496 2851 612 2895; x_wconf 82' lang='lat' dir='ltr'>continue</span> <span class='ocrx_word' id='word_1_187' title='bbox 630 2861 690 2895; x_wconf 84' lang='lat' dir='ltr'>nae·</span> <span class='ocrx_word' id='word_1_188' title='bbox 725 2852 789 2903; x_wconf 73' lang='lat' dir='ltr'>quoti</span> <span class='ocrx_word' id='word_1_189' title='bbox 808 2850 877 2894; x_wconf 80' lang='lat' dir='ltr'>verbi</span> <span class='ocrx_word' id='word_1_190' title='bbox 895 2850 1034 2894; x_wconf 79' lang='lat' dir='ltr'>eubteotunt</span> <span class='ocrx_word' id='word_1_191' title='bbox 1054 2848 1118 2894; x_wconf 82' lang='lat' dir='ltr'>item</span> <span class='ocrx_word' id='word_1_192' title='bbox 1142 2855 1180 2894; x_wconf 84' lang='lat' dir='ltr'>eei</span> <span class='ocrx_word' id='word_1_193' title='bbox 1199 2847 1317 2906; x_wconf 72' lang='lat' dir='ltr'>infinitivi,</span> 
     </span>
     <span class='ocr_line' id='line_1_22' title="bbox 96 2914 1317 2976; baseline -0.002 -13"><span class='ocrx_word' id='word_1_194' title='bbox 96 2919 160 2963; x_wconf 87' lang='lat' dir='ltr'>eiiur</span> <span class='ocrx_word' id='word_1_195' title='bbox 180 2918 298 2976; x_wconf 70' lang='lat' dir='ltr'>narratio,</span> <span class='ocrx_word' id='word_1_196' title='bbox 324 2920 388 2971; x_wconf 75' lang='lat' dir='ltr'>quoi</span> <span class='ocrx_word' id='word_1_197' title='bbox 407 2920 509 2963; x_wconf 77' lang='lat' dir='ltr'>Aeneae</span> <span class='ocrx_word' id='word_1_198' title='bbox 530 2931 580 2964; x_wconf 86' lang='lat' dir='ltr'>non</span> <span class='ocrx_word' id='word_1_199' title='bbox 599 2924 690 2976; x_wconf 86' lang='lat' dir='ltr'>narret,</span> <span class='ocrx_word' id='word_1_200' title='bbox 724 2924 750 2963; x_wconf 86' lang='grc' dir='ltr'>ιιι</span> <span class='ocrx_word' id='word_1_201' title='bbox 768 2916 792 2975; x_wconf 77' lang='lat'>2,</span> <span class='ocrx_word' id='word_1_202' title='bbox 809 2914 868 2962; x_wconf 85' lang='grc'>433.</span> <span class='ocrx_word' id='word_1_203' title='bbox 897 2914 921 2975; x_wconf 91' lang='grc'>3,</span> <span class='ocrx_word' id='word_1_204' title='bbox 943 2914 1001 2961; x_wconf 86' lang='grc'>603,</span> <span class='ocrx_word' id='word_1_205' title='bbox 1034 2914 1058 2972; x_wconf 88' lang='grc'>4,</span> <span class='ocrx_word' id='word_1_206' title='bbox 1075 2915 1138 2975; x_wconf 87' lang='grc'>493,</span> <span class='ocrx_word' id='word_1_207' title='bbox 1163 2918 1218 2963; x_wconf 86' lang='lat' dir='ltr'>eive</span> <span class='ocrx_word' id='word_1_208' title='bbox 1234 2917 1317 2962; x_wconf 77' lang='lat' dir='ltr'>diver·</span> 
     </span>
     <span class='ocr_line' id='line_1_23' title="bbox 95 2981 1316 3042; baseline -0.002 -11"><span class='ocrx_word' id='word_1_209' title='bbox 95 2986 145 3031; x_wconf 81' lang='lat' dir='ltr'>nisi</span> <span class='ocrx_word' id='word_1_210' title='bbox 161 2987 224 3038; x_wconf 80' lang='lat' dir='ltr'>nunti</span> <span class='ocrx_word' id='word_1_211' title='bbox 240 2986 294 3040; x_wconf 79' lang='lat' dir='ltr'>ioee</span> <span class='ocrx_word' id='word_1_212' title='bbox 312 2986 385 3041; x_wconf 81' lang='lat' dir='ltr'>viuit;</span> <span class='ocrx_word' id='word_1_213' title='bbox 401 2986 485 3040; x_wconf 79' lang='lat' dir='ltr'>iianne</span> <span class='ocrx_word' id='word_1_214' title='bbox 501 2987 526 3032; x_wconf 84' lang='lat' dir='ltr'>in</span> <span class='ocrx_word' id='word_1_215' title='bbox 546 2998 593 3032; x_wconf 90' lang='lat' dir='ltr'>uno</span> <span class='ocrx_word' id='word_1_216' title='bbox 603 2989 691 3031; x_wconf 80' lang='lat' dir='ltr'>Aenea</span> <span class='ocrx_word' id='word_1_217' title='bbox 724 2997 787 3041; x_wconf 79' lang='lat' dir='ltr'>eum,</span> <span class='ocrx_word' id='word_1_218' title='bbox 805 2992 830 3029; x_wconf 87' lang='lat' dir='ltr'>ui</span> <span class='ocrx_word' id='word_1_219' title='bbox 845 2988 867 3028; x_wconf 85' lang='lat' dir='ltr'>it.</span> <span class='ocrx_word' id='word_1_220' title='bbox 887 2988 902 3030; x_wconf 91' lang='lat' dir='ltr'>i.</span> <span class='ocrx_word' id='word_1_221' title='bbox 923 2982 978 3028; x_wconf 81' lang='lat' dir='ltr'>tei.</span> <span class='ocrx_word' id='word_1_222' title='bbox 997 2983 1022 3039; x_wconf 84' lang='grc'>6,</span> <span class='ocrx_word' id='word_1_223' title='bbox 1032 2982 1088 3029; x_wconf 72' lang='lat' dir='ltr'>iot.</span> <span class='ocrx_word' id='word_1_224' title='bbox 1107 2985 1130 3042; x_wconf 78' lang='lat' dir='ltr'>i,</span> <span class='ocrx_word' id='word_1_225' title='bbox 1145 2982 1203 3029; x_wconf 74' lang='lat'>290.</span> <span class='ocrx_word' id='word_1_226' title='bbox 1221 2984 1246 3041; x_wconf 82' lang='lat'>9,</span> <span class='ocrx_word' id='word_1_227' title='bbox 1258 2981 1316 3029; x_wconf 83' lang='grc'>354.</span> 
     </span>
     <span class='ocr_line' id='line_1_24' title="bbox 94 3052 1317 3108; baseline -0.002 -9"><span class='ocrx_word' id='word_1_228' title='bbox 94 3055 170 3099; x_wconf 88' lang='lat' dir='ltr'>etiam</span> <span class='ocrx_word' id='word_1_229' title='bbox 201 3055 306 3098; x_wconf 81' lang='lat' dir='ltr'>narratio</span> <span class='ocrx_word' id='word_1_230' title='bbox 328 3055 447 3099; x_wconf 83' lang='lat' dir='ltr'>eoeieeoit</span> <span class='ocrx_word' id='word_1_231' title='bbox 472 3059 495 3099; x_wconf 87' lang='lat' dir='ltr'>et</span> <span class='ocrx_word' id='word_1_232' title='bbox 523 3055 564 3108; x_wconf 75' lang='lat' dir='ltr'>otti</span> <span class='ocrx_word' id='word_1_233' title='bbox 590 3055 690 3099; x_wconf 84' lang='lat' dir='ltr'>audiunt</span> <span class='ocrx_word' id='word_1_234' title='bbox 724 3058 777 3099; x_wconf 84' lang='grc' dir='ltr'>Νοιι</span> <span class='ocrx_word' id='word_1_235' title='bbox 813 3054 878 3097; x_wconf 84' lang='lat' dir='ltr'>iuuet</span> <span class='ocrx_word' id='word_1_236' title='bbox 910 3053 970 3096; x_wconf 81' lang='lat' dir='ltr'>iiiuo</span> <span class='ocrx_word' id='word_1_237' title='bbox 1000 3054 1111 3097; x_wconf 81' lang='lat' dir='ltr'>Aeneam</span> <span class='ocrx_word' id='word_1_238' title='bbox 1141 3052 1226 3097; x_wconf 84' lang='lat' dir='ltr'>iteruin</span> <span class='ocrx_word' id='word_1_239' title='bbox 1261 3063 1317 3096; x_wconf 86' lang='lat' dir='ltr'>eum</span> 
     </span>
     <span class='ocr_line' id='line_1_25' title="bbox 92 3121 1318 3179; baseline -0.002 -11"><span class='ocrx_word' id='word_1_240' title='bbox 92 3122 188 3174; x_wconf 73' lang='lat' dir='ltr'>maiore</span> <span class='ocrx_word' id='word_1_241' title='bbox 204 3121 341 3167; x_wconf 78' lang='lat' dir='ltr'>efficiuntur</span> <span class='ocrx_word' id='word_1_242' title='bbox 356 3124 491 3177; x_wconf 74' lang='lat' dir='ltr'>voluptate,</span> <span class='ocrx_word' id='word_1_243' title='bbox 507 3133 580 3176; x_wconf 76' lang='lat' dir='ltr'>quern</span> <span class='ocrx_word' id='word_1_244' title='bbox 597 3123 619 3168; x_wconf 81' lang='lat' dir='ltr'>ei</span> <span class='ocrx_word' id='word_1_245' title='bbox 633 3123 690 3177; x_wconf 76' lang='lat' dir='ltr'>quie</span> <span class='ocrx_word' id='word_1_246' title='bbox 725 3123 828 3167; x_wconf 82' lang='lat' dir='ltr'>Graecis</span> <span class='ocrx_word' id='word_1_247' title='bbox 846 3132 970 3179; x_wconf 78' lang='lat' dir='ltr'>pugnare,</span> <span class='ocrx_word' id='word_1_248' title='bbox 996 3123 1041 3166; x_wconf 84' lang='lat' dir='ltr'>eeti</span> <span class='ocrx_word' id='word_1_249' title='bbox 1058 3131 1159 3166; x_wconf 77' lang='lat' dir='ltr'>narrare</span> <span class='ocrx_word' id='word_1_250' title='bbox 1177 3122 1235 3167; x_wconf 79' lang='lat' dir='ltr'>iiitta</span> <span class='ocrx_word' id='word_1_251' title='bbox 1255 3131 1318 3175; x_wconf 75' lang='lat' dir='ltr'>pug-</span> 
     </span>
     <span class='ocr_line' id='line_1_26' title="bbox 93 3189 1317 3243; baseline -0.002 -7"><span class='ocrx_word' id='word_1_252' title='bbox 93 3191 179 3236; x_wconf 81' lang='lat' dir='ltr'>eitena</span> <span class='ocrx_word' id='word_1_253' title='bbox 197 3189 262 3234; x_wconf 82' lang='lat' dir='ltr'>taeta</span> <span class='ocrx_word' id='word_1_254' title='bbox 280 3190 362 3235; x_wconf 80' lang='lat' dir='ltr'>refert.</span> <span class='ocrx_word' id='word_1_255' title='bbox 723 3201 784 3234; x_wconf 84' lang='lat' dir='ltr'>nae:</span> <span class='ocrx_word' id='word_1_256' title='bbox 808 3191 878 3233; x_wconf 86' lang='lat' dir='ltr'>tioior</span> <span class='ocrx_word' id='word_1_257' title='bbox 896 3189 969 3243; x_wconf 78' lang='lat' dir='ltr'>igitur</span> <span class='ocrx_word' id='word_1_258' title='bbox 987 3200 1036 3233; x_wconf 88' lang='lat' dir='ltr'>non</span> <span class='ocrx_word' id='word_1_259' title='bbox 1053 3195 1092 3233; x_wconf 79' lang='lat' dir='ltr'>eut</span> <span class='ocrx_word' id='word_1_260' title='bbox 1111 3189 1200 3234; x_wconf 77' lang='lat' dir='ltr'>&#39;i&#39;roitte</span> <span class='ocrx_word' id='word_1_261' title='bbox 1217 3190 1317 3234; x_wconf 85' lang='lat' dir='ltr'>evereio</span> 
     </span>
    </p>

    <p class='ocr_par' dir='ltr' id='par_1_12' title="bbox 93 3257 1320 3924">
     <span class='ocr_line' id='line_1_27' title="bbox 133 3257 1317 3314; baseline 0 -12"><span class='ocrx_word' id='word_1_262' title='bbox 133 3258 155 3302; x_wconf 87' lang='lat' dir='ltr'>i.</span> <span class='ocrx_word' id='word_1_263' title='bbox 173 3259 334 3314; x_wconf 80' lang='lat' dir='ltr'>„conticuere</span> <span class='ocrx_word' id='word_1_264' title='bbox 357 3269 457 3314; x_wconf 73' lang='lat' dir='ltr'>omnes,</span> <span class='ocrx_word' id='word_1_265' title='bbox 484 3258 542 3310; x_wconf 75' lang='lat' dir='ltr'>auia</span> <span class='ocrx_word' id='word_1_266' title='bbox 559 3268 636 3312; x_wconf 73' lang='lat' dir='ltr'>supra</span> <span class='ocrx_word' id='word_1_267' title='bbox 652 3259 688 3302; x_wconf 93' lang='lat' dir='ltr'>tii-</span> <span class='ocrx_word' id='word_1_268' title='bbox 725 3260 770 3303; x_wconf 76' lang='lat' dir='ltr'>aeti</span> <span class='ocrx_word' id='word_1_269' title='bbox 793 3259 848 3302; x_wconf 86' lang='lat' dir='ltr'>eine</span> <span class='ocrx_word' id='word_1_270' title='bbox 871 3257 987 3302; x_wconf 84' lang='lat' dir='ltr'>narratio.</span> <span class='ocrx_word' id='word_1_271' title='bbox 1023 3259 1091 3302; x_wconf 84' lang='lat' dir='ltr'>ineei</span> <span class='ocrx_word' id='word_1_272' title='bbox 1112 3268 1170 3312; x_wconf 80' lang='lat' dir='ltr'>ergo</span> <span class='ocrx_word' id='word_1_273' title='bbox 1193 3257 1218 3302; x_wconf 87' lang='lat' dir='ltr'>in</span> <span class='ocrx_word' id='word_1_274' title='bbox 1239 3268 1317 3302; x_wconf 85' lang='lat' dir='ltr'>rotro-</span> 
     </span>
     <span class='ocr_line' id='line_1_28' title="bbox 94 3320 1318 3387; baseline -0.002 -16"><span class='ocrx_word' id='word_1_275' title='bbox 94 3327 145 3371; x_wconf 87' lang='lat' dir='ltr'>xit:</span> <span class='ocrx_word' id='word_1_276' title='bbox 164 3324 199 3385; x_wconf 77' lang='lat' dir='ltr'>fit</span> <span class='ocrx_word' id='word_1_277' title='bbox 217 3323 340 3387; x_wconf 76' lang='lat' dir='ltr'>rirepiiue</span> <span class='ocrx_word' id='word_1_278' title='bbox 362 3322 466 3371; x_wconf 78' lang='lat' dir='ltr'>iectie.“</span> <span class='ocrx_word' id='word_1_279' title='bbox 484 3330 508 3370; x_wconf 84' lang='lat' dir='ltr'>s.</span> <span class='ocrx_word' id='word_1_280' title='bbox 535 3349 568 3357; x_wconf 85' lang='lat'>-</span> <span class='ocrx_word' id='word_1_281' title='bbox 596 3320 693 3372; x_wconf 78' lang='lat' dir='ltr'>intenti</span> <span class='ocrx_word' id='word_1_282' title='bbox 724 3337 789 3370; x_wconf 82' lang='lat' dir='ltr'>oure</span> <span class='ocrx_word' id='word_1_283' title='bbox 815 3321 928 3370; x_wconf 82' lang='lat' dir='ltr'>dolorem</span> <span class='ocrx_word' id='word_1_284' title='bbox 955 3326 1070 3370; x_wconf 76' lang='lat' dir='ltr'>narrandi</span> <span class='ocrx_word' id='word_1_285' title='bbox 1102 3325 1260 3381; x_wconf 70' lang='lat' dir='ltr'>significatio,</span> <span class='ocrx_word' id='word_1_286' title='bbox 1293 3329 1318 3369; x_wconf 87' lang='lat' dir='ltr'>ui</span> 
     </span>
     <span class='ocr_line' id='line_1_29' title="bbox 95 3388 1318 3448; baseline -0.002 -8"><span class='ocrx_word' id='word_1_287' title='bbox 95 3406 143 3440; x_wconf 82' lang='lat' dir='ltr'>ora</span> <span class='ocrx_word' id='word_1_288' title='bbox 163 3390 283 3439; x_wconf 78' lang='lat' dir='ltr'>tenebant</span> <span class='ocrx_word' id='word_1_289' title='bbox 303 3399 329 3437; x_wconf 88' lang='lat' dir='ltr'>ut</span> <span class='ocrx_word' id='word_1_290' title='bbox 345 3391 436 3447; x_wconf 53' lang='lat'>&amp;52⁰</span> <span class='ocrx_word' id='word_1_291' title='bbox 453 3389 533 3448; x_wconf 70' lang='lat' dir='ltr'>defixi</span> <span class='ocrx_word' id='word_1_292' title='bbox 552 3405 599 3439; x_wconf 85' lang='lat' dir='ltr'>ortt</span> <span class='ocrx_word' id='word_1_293' title='bbox 618 3396 690 3439; x_wconf 83' lang='lat' dir='ltr'>terte-</span> <span class='ocrx_word' id='word_1_294' title='bbox 726 3398 788 3439; x_wconf 78' lang='lat' dir='ltr'>irene</span> <span class='ocrx_word' id='word_1_295' title='bbox 804 3400 923 3447; x_wconf 75' lang='lat' dir='ltr'>sequatur</span> <span class='ocrx_word' id='word_1_296' title='bbox 941 3395 968 3439; x_wconf 86' lang='lat' dir='ltr'>ut</span> <span class='ocrx_word' id='word_1_297' title='bbox 986 3401 1033 3438; x_wconf 86' lang='lat' dir='ltr'>eto.</span> <span class='ocrx_word' id='word_1_298' title='bbox 1058 3415 1092 3426; x_wconf 88' lang='lat'><em>-</em></span> <span class='ocrx_word' id='word_1_299' title='bbox 1116 3388 1181 3439; x_wconf 76' lang='lat' dir='ltr'>intr.</span> <span class='ocrx_word' id='word_1_300' title='bbox 1204 3389 1252 3439; x_wconf 83' lang='lat' dir='ltr'>iit.</span> <span class='ocrx_word' id='word_1_301' title='bbox 1271 3388 1318 3438; x_wconf 76' lang='lat' dir='ltr'>tto-</span> 
     </span>
     <span class='ocr_line' id='line_1_30' title="bbox 93 3456 1319 3524; baseline -0.002 -16"><span class='ocrx_word' id='word_1_302' title='bbox 93 3457 159 3508; x_wconf 74' lang='lat' dir='ltr'>btmt</span> <span class='ocrx_word' id='word_1_303' title='bbox 174 3465 281 3517; x_wconf 69' lang='lat' dir='ltr'>exoiioa</span> <span class='ocrx_word' id='word_1_304' title='bbox 298 3457 335 3506; x_wconf 82' lang='lat' dir='ltr'>eie</span> <span class='ocrx_word' id='word_1_305' title='bbox 351 3456 476 3506; x_wconf 73' lang='lat' dir='ltr'>rictieieu</span> <span class='ocrx_word' id='word_1_306' title='bbox 493 3464 625 3524; x_wconf 79' lang='lat' dir='ltr'>gerpauut</span> <span class='ocrx_word' id='word_1_307' title='bbox 642 3457 692 3506; x_wconf 83' lang='lat' dir='ltr'>den</span> <span class='ocrx_word' id='word_1_308' title='bbox 725 3457 812 3507; x_wconf 83' lang='lat' dir='ltr'>larem.</span> <span class='ocrx_word' id='word_1_309' title='bbox 852 3457 982 3519; x_wconf 80' lang='lat' dir='ltr'>&#39;l&#39;rojunne</span> <span class='ocrx_word' id='word_1_310' title='bbox 1073 3458 1127 3515; x_wconf 70' lang='lat' dir='ltr'>tei,</span> <span class='ocrx_word' id='word_1_311' title='bbox 1156 3457 1215 3523; x_wconf 77' lang='lat' dir='ltr'>qaia</span> <span class='ocrx_word' id='word_1_312' title='bbox 1241 3456 1319 3519; x_wconf 80' lang='lat' dir='ltr'>intio,</span> 
     </span>
     <span class='ocr_line' id='line_1_31' title="bbox 96 3524 1317 3592; baseline 0 -18"><span class='ocrx_word' id='word_1_313' title='bbox 96 3525 184 3586; x_wconf 75' lang='lat' dir='ltr'>iittci,</span> <span class='ocrx_word' id='word_1_314' title='bbox 199 3543 247 3574; x_wconf 87' lang='lat' dir='ltr'>non</span> <span class='ocrx_word' id='word_1_315' title='bbox 264 3525 301 3574; x_wconf 83' lang='lat' dir='ltr'>eie</span> <span class='ocrx_word' id='word_1_316' title='bbox 317 3524 441 3573; x_wconf 77' lang='lat' dir='ltr'>richteietr</span> <span class='ocrx_word' id='word_1_317' title='bbox 461 3524 510 3573; x_wconf 78' lang='lat' dir='ltr'>den</span> <span class='ocrx_word' id='word_1_318' title='bbox 527 3532 692 3592; x_wconf 81' lang='lat' dir='ltr'>geepunuiere</span> <span class='ocrx_word' id='word_1_319' title='bbox 726 3540 846 3584; x_wconf 72' lang='lat' dir='ltr'>perversa</span> <span class='ocrx_word' id='word_1_320' title='bbox 870 3531 1003 3585; x_wconf 77' lang='lat' dir='ltr'>sententia,</span> <span class='ocrx_word' id='word_1_321' title='bbox 1040 3541 1160 3583; x_wconf 75' lang='lat' dir='ltr'>perverse</span> <span class='ocrx_word' id='word_1_322' title='bbox 1186 3536 1317 3575; x_wconf 87' lang='lat' dir='ltr'>etrueture.</span> 
     </span>
     <span class='ocr_line' id='line_1_32' title="bbox 94 3593 1294 3655; baseline -0.001 -13"><span class='ocrx_word' id='word_1_323' title='bbox 94 3593 183 3653; x_wconf 73' lang='lat' dir='ltr'>littei,</span> <span class='ocrx_word' id='word_1_324' title='bbox 202 3597 274 3650; x_wconf 73' lang='lat' dir='ltr'>onesi</span> <span class='ocrx_word' id='word_1_325' title='bbox 291 3603 360 3641; x_wconf 82' lang='lat' dir='ltr'>eeeet</span> <span class='ocrx_word' id='word_1_326' title='bbox 377 3596 560 3649; x_wconf 78' lang='lat' dir='ltr'>intelligentium</span> <span class='ocrx_word' id='word_1_327' title='bbox 579 3594 691 3655; x_wconf 79' lang='lat' dir='ltr'>intenta,</span> <span class='ocrx_word' id='word_1_328' title='bbox 726 3598 820 3652; x_wconf 70' lang='lat' dir='ltr'>optime</span> <span class='ocrx_word' id='word_1_329' title='bbox 838 3604 861 3641; x_wconf 88' lang='lat' dir='ltr'>et</span> <span class='ocrx_word' id='word_1_330' title='bbox 879 3598 961 3642; x_wconf 78' lang='lat' dir='ltr'>mutue</span> <span class='ocrx_word' id='word_1_331' title='bbox 982 3598 1064 3642; x_wconf 81' lang='lat' dir='ltr'>vernis</span> <span class='ocrx_word' id='word_1_332' title='bbox 1086 3598 1208 3652; x_wconf 71' lang='lat' dir='ltr'>renarguit</span> <span class='ocrx_word' id='word_1_333' title='bbox 1232 3594 1294 3642; x_wconf 81' lang='lat' dir='ltr'>Wd.</span> 
     </span>
     <span class='ocr_line' id='line_1_33' title="bbox 93 3660 1318 3727; baseline -0.001 -16"><span class='ocrx_word' id='word_1_334' title='bbox 93 3668 231 3721; x_wconf 71' lang='lat' dir='ltr'>nyoettage</span> <span class='ocrx_word' id='word_1_335' title='bbox 251 3665 412 3721; x_wconf 54' lang='lat' dir='ltr'>rituumque</span> <span class='ocrx_word' id='word_1_336' title='bbox 430 3671 625 3719; x_wconf 65' lang='lat' dir='ltr'>evenenerit,</span> <span class='ocrx_word' id='word_1_337' title='bbox 645 3677 691 3710; x_wconf 85' lang='lat' dir='ltr'>nee</span> <span class='ocrx_word' id='word_1_338' title='bbox 759 3664 782 3710; x_wconf 88' lang='grc'>4.</span> <span class='ocrx_word' id='word_1_339' title='bbox 807 3660 874 3727; x_wconf 78' lang='lat' dir='ltr'>Opes</span> <span class='ocrx_word' id='word_1_340' title='bbox 902 3677 1017 3721; x_wconf 77' lang='lat' dir='ltr'>„aentoer</span> <span class='ocrx_word' id='word_1_341' title='bbox 1045 3667 1075 3710; x_wconf 82' lang='lat' dir='ltr'>ati</span> <span class='ocrx_word' id='word_1_342' title='bbox 1107 3666 1318 3721; x_wconf 77' lang='lat' dir='ltr'>magniicentiam‚</span> 
     </span>
     <span class='ocr_line' id='line_1_34' title="bbox 94 3729 1313 3789; baseline -0.001 -11"><span class='ocrx_word' id='word_1_343' title='bbox 94 3731 195 3778; x_wconf 81' lang='lat' dir='ltr'>intento</span> <span class='ocrx_word' id='word_1_344' title='bbox 213 3740 278 3777; x_wconf 85' lang='lat' dir='ltr'>recte</span> <span class='ocrx_word' id='word_1_345' title='bbox 297 3733 418 3776; x_wconf 75' lang='lat' dir='ltr'>diceretur</span> <span class='ocrx_word' id='word_1_346' title='bbox 435 3731 467 3776; x_wconf 79' lang='lat' dir='ltr'>cs.</span> <span class='ocrx_word' id='word_1_347' title='bbox 482 3733 506 3789; x_wconf 83' lang='lat'>5,</span> <span class='ocrx_word' id='word_1_348' title='bbox 527 3731 579 3777; x_wconf 74' lang='lat' dir='ltr'>tat.</span> <span class='ocrx_word' id='word_1_349' title='bbox 600 3756 633 3765; x_wconf 91' lang='lat'><em>-</em></span> <span class='ocrx_word' id='word_1_350' title='bbox 652 3734 690 3777; x_wconf 86' lang='lat' dir='ltr'>in·</span> <span class='ocrx_word' id='word_1_351' title='bbox 725 3729 835 3778; x_wconf 81' lang='lat' dir='ltr'>‹iiut&#39;tt&#39;ue</span> <span class='ocrx_word' id='word_1_352' title='bbox 852 3735 883 3777; x_wconf 80' lang='lat' dir='ltr'>ed</span> <span class='ocrx_word' id='word_1_353' title='bbox 900 3732 988 3778; x_wconf 64' lang='grc' dir='ltr'>ιιειιιιιιι</span> <span class='ocrx_word' id='word_1_354' title='bbox 1005 3738 1029 3779; x_wconf 83' lang='lat' dir='ltr'>S.</span> <span class='ocrx_word' id='word_1_355' title='bbox 1055 3733 1085 3778; x_wconf 84' lang='lat' dir='ltr'>et</span> <span class='ocrx_word' id='word_1_356' title='bbox 1107 3736 1158 3780; x_wconf 85' lang='lat' dir='ltr'>cie.</span> <span class='ocrx_word' id='word_1_357' title='bbox 1175 3737 1243 3779; x_wconf 82' lang='lat' dir='ltr'>Laei.</span> <span class='ocrx_word' id='word_1_358' title='bbox 1260 3733 1284 3789; x_wconf 79' lang='lat'>6,</span> <span class='ocrx_word' id='word_1_359' title='bbox 1304 3732 1313 3777; x_wconf 94' lang='lat' dir='ltr'>i</span> 
     </span>
     <span class='ocr_line' id='line_1_35' title="bbox 94 3796 1320 3863; baseline 0.001 -16"><span class='ocrx_word' id='word_1_360' title='bbox 94 3803 205 3861; x_wconf 73' lang='lat' dir='ltr'>tentique</span> <span class='ocrx_word' id='word_1_361' title='bbox 232 3796 368 3846; x_wconf 78' lang='lat' dir='ltr'>tenebunt:</span> <span class='ocrx_word' id='word_1_362' title='bbox 395 3802 431 3844; x_wconf 86' lang='lat' dir='ltr'>iie</span> <span class='ocrx_word' id='word_1_363' title='bbox 458 3808 566 3855; x_wconf 73' lang='lat' dir='ltr'>ternpore</span> <span class='ocrx_word' id='word_1_364' title='bbox 592 3801 623 3846; x_wconf 84' lang='lat' dir='ltr'>ct</span> <span class='ocrx_word' id='word_1_365' title='bbox 649 3805 688 3847; x_wconf 81' lang='lat' dir='ltr'>Gr.</span> <span class='ocrx_word' id='word_1_366' title='bbox 729 3797 1093 3862; x_wconf 79' lang='lat' dir='ltr'>Opportunueermidr&#39;uiiine</span> <span class='ocrx_word' id='word_1_367' title='bbox 1109 3806 1138 3849; x_wconf 84' lang='lat' dir='ltr'>ai</span> <span class='ocrx_word' id='word_1_368' title='bbox 1156 3805 1240 3858; x_wconf 83' lang='lat' dir='ltr'>utere,</span> <span class='ocrx_word' id='word_1_369' title='bbox 1259 3813 1320 3863; x_wconf 72' lang='lat' dir='ltr'>oper</span> 
     </span>
     <span class='ocr_line' id='line_1_36' title="bbox 95 3865 1319 3924; baseline -0.001 -10"><span class='ocrx_word' id='word_1_370' title='bbox 95 3867 190 3924; x_wconf 59' lang='lat'>845⁸.</span> <span class='ocrx_word' id='word_1_371' title='bbox 725 3872 754 3914; x_wconf 83' lang='lat' dir='ltr'>ni</span> <span class='ocrx_word' id='word_1_372' title='bbox 776 3865 870 3914; x_wconf 81' lang='lat' dir='ltr'>colare.</span> <span class='ocrx_word' id='word_1_373' title='bbox 894 3893 927 3902; x_wconf 90' lang='lat'>—</span> <span class='ocrx_word' id='word_1_374' title='bbox 952 3865 1133 3916; x_wconf 74' lang='lat' dir='ltr'>Lamentabile</span> <span class='ocrx_word' id='word_1_375' title='bbox 1155 3877 1193 3915; x_wconf 81' lang='lat' dir='ltr'>eet</span> <span class='ocrx_word' id='word_1_376' title='bbox 1216 3880 1319 3923; x_wconf 76' lang='lat' dir='ltr'>regnum</span> 
     </span>
    </p>
   </div>
   <div class='ocr_carea' id='block_1_8' title="bbox 129 3926 1424 3995">
    <p class='ocr_par' dir='ltr' id='par_1_13' title="bbox 129 3926 1424 3995">
     <span class='ocr_line' id='line_1_37' title="bbox 129 3926 1424 3995; baseline 0 -14"><span class='ocrx_word' id='word_1_377' title='bbox 129 3936 154 3982; x_wconf 71' lang='grc' dir='ltr'>Ξ.</span> <span class='ocrx_word' id='word_1_378' title='bbox 178 3932 256 3982; x_wconf 79' lang='lat' dir='ltr'>Pater</span> <span class='ocrx_word' id='word_1_379' title='bbox 291 3941 313 3981; x_wconf 81' lang='lat' dir='ltr'>it.</span> <span class='ocrx_word' id='word_1_380' title='bbox 346 3940 361 3981; x_wconf 82' lang='lat' dir='ltr'>i.</span> <span class='ocrx_word' id='word_1_381' title='bbox 391 3936 478 3981; x_wconf 83' lang='lat' dir='ltr'>dicitur</span> <span class='ocrx_word' id='word_1_382' title='bbox 511 3938 612 3983; x_wconf 76' lang='lat' dir='ltr'>Aeneae</span> <span class='ocrx_word' id='word_1_383' title='bbox 645 3949 688 3981; x_wconf 90' lang='lat' dir='ltr'>eo·</span> <span class='ocrx_word' id='word_1_384' title='bbox 726 3940 947 3995; x_wconf 58' lang='lat' dir='ltr'>promerentium</span> <span class='ocrx_word' id='word_1_385' title='bbox 967 3939 1115 3983; x_wconf 86' lang='lat' dir='ltr'>eruitur.-</span> <span class='ocrx_word' id='word_1_386' title='bbox 1136 3934 1236 3984; x_wconf 79' lang='lat' dir='ltr'>Emere</span> <span class='ocrx_word' id='word_1_387' title='bbox 1252 3949 1318 3982; x_wconf 87' lang='lat' dir='ltr'>nove</span> <span class='ocrx_word' id='word_1_388' title='bbox 1416 3926 1424 3941; x_wconf 88' lang='lat'>&#39;</span> 
     </span>
    </p>
   </div>
   <div class='ocr_carea' id='block_1_9' title="bbox 93 4005 1319 4473">
    <p class='ocr_par' dir='ltr' id='par_1_14' title="bbox 93 4005 1316 4131">
     <span class='ocr_line' id='line_1_38' title="bbox 93 4005 1316 4060; baseline -0.001 -10"><span class='ocrx_word' id='word_1_389' title='bbox 93 4017 143 4060; x_wconf 72' lang='lat' dir='ltr'>otte</span> <span class='ocrx_word' id='word_1_390' title='bbox 167 4007 289 4050; x_wconf 82' lang='lat' dir='ltr'>vocabuio</span> <span class='ocrx_word' id='word_1_391' title='bbox 312 4005 360 4050; x_wconf 81' lang='lat' dir='ltr'>iem</span> <span class='ocrx_word' id='word_1_392' title='bbox 386 4005 507 4049; x_wconf 81' lang='lat' dir='ltr'>indicetur</span> <span class='ocrx_word' id='word_1_393' title='bbox 530 4016 577 4058; x_wconf 77' lang='lat' dir='ltr'>nno</span> <span class='ocrx_word' id='word_1_394' title='bbox 605 4007 689 4050; x_wconf 87' lang='lat' dir='ltr'>tioiore</span> <span class='ocrx_word' id='word_1_395' title='bbox 725 4007 814 4050; x_wconf 88' lang='lat' dir='ltr'>tiictunt</span> <span class='ocrx_word' id='word_1_396' title='bbox 834 4018 877 4060; x_wconf 78' lang='lat' dir='ltr'>oro</span> <span class='ocrx_word' id='word_1_397' title='bbox 894 4009 1020 4060; x_wconf 69' lang='lat' dir='ltr'>everteret</span> <span class='ocrx_word' id='word_1_398' title='bbox 1036 4006 1143 4052; x_wconf 85' lang='lat' dir='ltr'>imiiaine</span> <span class='ocrx_word' id='word_1_399' title='bbox 1161 4013 1200 4052; x_wconf 79' lang='lat' dir='ltr'>eei</span> <span class='ocrx_word' id='word_1_400' title='bbox 1219 4009 1278 4051; x_wconf 79' lang='lat' dir='ltr'>i&#39;ne.</span> <span class='ocrx_word' id='word_1_401' title='bbox 1288 4008 1316 4050; x_wconf 88' lang='lat' dir='ltr'>ii.</span> 
     </span>
     <span class='ocr_line' id='line_1_39' title="bbox 93 4069 1284 4131; baseline -0.003 -12"><span class='ocrx_word' id='word_1_402' title='bbox 93 4075 151 4119; x_wconf 86' lang='lat' dir='ltr'>eina</span> <span class='ocrx_word' id='word_1_403' title='bbox 178 4075 274 4119; x_wconf 77' lang='lat' dir='ltr'>animoa</span> <span class='ocrx_word' id='word_1_404' title='bbox 297 4074 401 4118; x_wconf 81' lang='lat' dir='ltr'>eiieetne</span> <span class='ocrx_word' id='word_1_405' title='bbox 425 4073 510 4129; x_wconf 79' lang='lat' dir='ltr'>fuerit,</span> <span class='ocrx_word' id='word_1_406' title='bbox 540 4074 580 4126; x_wconf 76' lang='lat' dir='ltr'>otti</span> <span class='ocrx_word' id='word_1_407' title='bbox 607 4086 690 4120; x_wconf 85' lang='lat' dir='ltr'>eoram</span> <span class='ocrx_word' id='word_1_408' title='bbox 724 4072 748 4131; x_wconf 93' lang='grc'>4,</span> <span class='ocrx_word' id='word_1_409' title='bbox 766 4073 799 4118; x_wconf 79' lang='grc'>72</span> <span class='ocrx_word' id='word_1_410' title='bbox 817 4069 1076 4121; x_wconf 79' lang='lat' dir='ltr'>ernendoeet&#39;oiiutie</span> <span class='ocrx_word' id='word_1_411' title='bbox 1092 4069 1284 4120; x_wconf 80' lang='lat' dir='ltr'>aoidnemt&#39;tee.</span> 
     </span>
    </p>

    <p class='ocr_par' dir='ltr' id='par_1_15' title="bbox 93 4137 1319 4473">
     <span class='ocr_line' id='line_1_40' title="bbox 94 4137 1319 4206; baseline -0.004 -18"><span class='ocrx_word' id='word_1_412' title='bbox 94 4143 144 4189; x_wconf 67' lang='lat' dir='ltr'>iiio</span> <span class='ocrx_word' id='word_1_413' title='bbox 166 4140 277 4199; x_wconf 75' lang='lat' dir='ltr'>florente,</span> <span class='ocrx_word' id='word_1_414' title='bbox 300 4153 371 4195; x_wconf 77' lang='lat' dir='ltr'>quem</span> <span class='ocrx_word' id='word_1_415' title='bbox 389 4142 432 4186; x_wconf 83' lang='lat' dir='ltr'>vix</span> <span class='ocrx_word' id='word_1_416' title='bbox 451 4154 484 4185; x_wconf 83' lang='lat' dir='ltr'>ex</span> <span class='ocrx_word' id='word_1_417' title='bbox 503 4142 615 4187; x_wconf 77' lang='lat' dir='ltr'>incendio</span> <span class='ocrx_word' id='word_1_418' title='bbox 636 4154 691 4187; x_wconf 88' lang='lat' dir='ltr'>eer-</span> <span class='ocrx_word' id='word_1_419' title='bbox 759 4141 783 4187; x_wconf 84' lang='lat'>6.</span> <span class='ocrx_word' id='word_1_420' title='bbox 805 4137 919 4200; x_wconf 80' lang='lat' dir='ltr'>Quorum</span> <span class='ocrx_word' id='word_1_421' title='bbox 933 4153 998 4205; x_wconf 83' lang='lat' dir='ltr'>pore</span> <span class='ocrx_word' id='word_1_422' title='bbox 1016 4154 1118 4206; x_wconf 79' lang='lat' dir='ltr'>mugeto</span> <span class='ocrx_word' id='word_1_423' title='bbox 1133 4138 1186 4199; x_wconf 72' lang='lat' dir='ltr'>stri,</span> <span class='ocrx_word' id='word_1_424' title='bbox 1204 4150 1319 4195; x_wconf 77' lang='lat' dir='ltr'>maguam</span> 
     </span>
     <span class='ocr_line' id='line_1_41' title="bbox 94 4207 1316 4267; baseline -0.003 -11"><span class='ocrx_word' id='word_1_425' title='bbox 94 4217 214 4267; x_wconf 73' lang='lat' dir='ltr'>vereret,</span> <span class='ocrx_word' id='word_1_426' title='bbox 242 4211 352 4255; x_wconf 76' lang='lat' dir='ltr'>amineae</span> <span class='ocrx_word' id='word_1_427' title='bbox 378 4209 530 4255; x_wconf 74' lang='lat' dir='ltr'>meminisset</span> <span class='ocrx_word' id='word_1_428' title='bbox 557 4210 640 4255; x_wconf 82' lang='lat' dir='ltr'>mairie</span> <span class='ocrx_word' id='word_1_429' title='bbox 667 4217 691 4255; x_wconf 87' lang='lat' dir='ltr'>et</span> <span class='ocrx_word' id='word_1_430' title='bbox 725 4210 891 4256; x_wconf 83' lang='lat' dir='ltr'>calamitatum</span> <span class='ocrx_word' id='word_1_431' title='bbox 914 4218 1007 4265; x_wconf 75' lang='lat' dir='ltr'>nartem</span> <span class='ocrx_word' id='word_1_432' title='bbox 1028 4211 1083 4266; x_wconf 70' lang='lat' dir='ltr'>inae</span> <span class='ocrx_word' id='word_1_433' title='bbox 1108 4210 1195 4264; x_wconf 79' lang='lat' dir='ltr'>oertnii</span> <span class='ocrx_word' id='word_1_434' title='bbox 1220 4207 1250 4253; x_wconf 81' lang='lat' dir='ltr'>ot.</span> <span class='ocrx_word' id='word_1_435' title='bbox 1271 4210 1316 4252; x_wconf 80' lang='lat' dir='ltr'>ov.</span> 
     </span>
     <span class='ocr_line' id='line_1_42' title="bbox 94 4273 1319 4339; baseline -0.004 -14"><span class='ocrx_word' id='word_1_436' title='bbox 94 4279 137 4325; x_wconf 84' lang='lat' dir='ltr'>evi</span> <span class='ocrx_word' id='word_1_437' title='bbox 161 4279 324 4332; x_wconf 69' lang='lat' dir='ltr'>nequidquam</span> <span class='ocrx_word' id='word_1_438' title='bbox 346 4278 452 4335; x_wconf 87' lang='lat' dir='ltr'>eerveti,</span> <span class='ocrx_word' id='word_1_439' title='bbox 483 4283 508 4323; x_wconf 87' lang='lat' dir='ltr'>ut</span> <span class='ocrx_word' id='word_1_440' title='bbox 531 4289 580 4323; x_wconf 88' lang='lat' dir='ltr'>non</span> <span class='ocrx_word' id='word_1_441' title='bbox 604 4287 690 4333; x_wconf 71' lang='lat' dir='ltr'>poeeet</span> <span class='ocrx_word' id='word_1_442' title='bbox 726 4282 782 4324; x_wconf 84' lang='lat' dir='ltr'>iier.</span> <span class='ocrx_word' id='word_1_443' title='bbox 801 4275 824 4334; x_wconf 84' lang='grc'>3,</span> <span class='ocrx_word' id='word_1_444' title='bbox 842 4275 875 4322; x_wconf 84' lang='grc'>46</span> <span class='ocrx_word' id='word_1_445' title='bbox 897 4281 921 4324; x_wconf 84' lang='lat' dir='ltr'>et</span> <span class='ocrx_word' id='word_1_446' title='bbox 945 4277 1048 4335; x_wconf 67' lang='grc' dir='ltr'>Ῑιιοιιιιιι</span> <span class='ocrx_word' id='word_1_447' title='bbox 1064 4273 1169 4339; x_wconf 78' lang='lat' dir='ltr'>patriae</span> <span class='ocrx_word' id='word_1_448' title='bbox 1185 4287 1249 4337; x_wconf 84' lang='lat' dir='ltr'>pare</span> <span class='ocrx_word' id='word_1_449' title='bbox 1268 4286 1319 4337; x_wconf 76' lang='lat' dir='ltr'>ego</span> 
     </span>
     <span class='ocr_line' id='line_1_43' title="bbox 93 4340 1319 4408; baseline -0.004 -15"><span class='ocrx_word' id='word_1_450' title='bbox 93 4360 145 4393; x_wconf 86' lang='grc' dir='ltr'>ιιοιι</span> <span class='ocrx_word' id='word_1_451' title='bbox 166 4347 247 4392; x_wconf 84' lang='lat' dir='ltr'>tiieere</span> <span class='ocrx_word' id='word_1_452' title='bbox 264 4357 365 4392; x_wconf 74' lang='lat' dir='ltr'>veneunt</span> <span class='ocrx_word' id='word_1_453' title='bbox 384 4347 487 4391; x_wconf 87' lang='lat' dir='ltr'>tertium.</span> <span class='ocrx_word' id='word_1_454' title='bbox 511 4368 545 4379; x_wconf 90' lang='lat'><em>-</em></span> <span class='ocrx_word' id='word_1_455' title='bbox 568 4350 690 4393; x_wconf 76' lang='lat' dir='ltr'>seiittrum</span> <span class='ocrx_word' id='word_1_456' title='bbox 725 4358 826 4408; x_wconf 74' lang='lat' dir='ltr'>magna</span> <span class='ocrx_word' id='word_1_457' title='bbox 845 4357 925 4392; x_wconf 85' lang='lat' dir='ltr'>mene.</span> <span class='ocrx_word' id='word_1_458' title='bbox 940 4371 973 4380; x_wconf 94' lang='lat'>--</span> <span class='ocrx_word' id='word_1_459' title='bbox 990 4342 1083 4393; x_wconf 82' lang='lat' dir='ltr'>Fando</span> <span class='ocrx_word' id='word_1_460' title='bbox 1102 4345 1241 4397; x_wconf 75' lang='lat' dir='ltr'>exoiieetur</span> <span class='ocrx_word' id='word_1_461' title='bbox 1257 4340 1319 4388; x_wconf 84' lang='lat' dir='ltr'>rium</span> 
     </span>
     <span class='ocr_line' id='line_1_44' title="bbox 93 4412 1318 4473; baseline -0.002 -12"><span class='ocrx_word' id='word_1_462' title='bbox 93 4416 198 4461; x_wconf 73' lang='lat' dir='ltr'>altitudo</span> <span class='ocrx_word' id='word_1_463' title='bbox 219 4417 244 4461; x_wconf 87' lang='lat' dir='ltr'>in</span> <span class='ocrx_word' id='word_1_464' title='bbox 261 4418 380 4461; x_wconf 77' lang='lat' dir='ltr'>honorem</span> <span class='ocrx_word' id='word_1_465' title='bbox 399 4414 519 4469; x_wconf 74' lang='lat' dir='ltr'>recipitur</span> <span class='ocrx_word' id='word_1_466' title='bbox 535 4414 566 4461; x_wconf 81' lang='lat' dir='ltr'>et.</span> <span class='ocrx_word' id='word_1_467' title='bbox 586 4414 614 4473; x_wconf 82' lang='lat' dir='ltr'>ti,</span> <span class='ocrx_word' id='word_1_468' title='bbox 632 4414 690 4460; x_wconf 83' lang='grc'>541.</span> <span class='ocrx_word' id='word_1_469' title='bbox 721 4414 808 4473; x_wconf 73' lang='lat' dir='ltr'>latur,</span> <span class='ocrx_word' id='word_1_470' title='bbox 828 4414 869 4466; x_wconf 79' lang='lat' dir='ltr'>uni</span> <span class='ocrx_word' id='word_1_471' title='bbox 886 4416 986 4461; x_wconf 79' lang='lat' dir='ltr'>abietivi</span> <span class='ocrx_word' id='word_1_472' title='bbox 1002 4415 1028 4458; x_wconf 91' lang='lat' dir='ltr'>in</span> <span class='ocrx_word' id='word_1_473' title='bbox 1045 4412 1162 4467; x_wconf 74' lang='lat' dir='ltr'>gerontio</span> <span class='ocrx_word' id='word_1_474' title='bbox 1182 4423 1253 4472; x_wconf 86' lang='lat' dir='ltr'>neue,</span> <span class='ocrx_word' id='word_1_475' title='bbox 1270 4424 1318 4467; x_wconf 77' lang='lat' dir='ltr'>ono</span> 
     </span>
    </p>
   </div>
   <div class='ocr_carea' id='block_1_10' title="bbox 0 0 1439 4876">
    <p class='ocr_par' dir='ltr' id='par_1_16' title="bbox 0 0 1439 4876">
     <span class='ocr_line' id='line_1_45' title="bbox 0 0 1439 4876; baseline 0 0"><span class='ocrx_word' id='word_1_476' title='bbox 0 0 1439 4876; x_wconf 95' lang='lat' dir='ltr'> </span> 
     </span>
    </p>
   </div>
  </div>
 </body>
</html>
