2856 4876
621 168 824 222 summio.
1272 165 1328 208 ΠΧ

60 342 75 391 ⁸
120 363 186 411 nou
204 334 234 406 is
256 362 327 406 sum
344 341 398 424 qui
415 339 450 404 in
469 339 520 405 his
547 340 689 404 minutiis
711 341 816 423 ipsam
839 339 957 424 ubique
983 343 1100 422 poetae
1120 356 1248 403 manum
1275 356 1326 402 me

60 450 76 495 ¹
118 443 300 511 restituisse
319 441 501 510 confinama‘

70 535 78 599 '¹
208 546 351 612 Alterum
371 545 459 629 quod
477 545 597 609 mutavi
615 549 664 611 cst
679 567 781 631 qaam
809 544 896 628 quod
923 545 958 608 in
977 541 1026 608 ed.
1046 544 1154 627 priore
1169 541 1324 625 scriptum

60 661 78 706 Ι
121 652 194 713 erat
213 670 288 728 cura,
305 648 404 731 idque
423 646 515 713 doleo
537 648 666 727 factum,
686 668 752 711 non
772 647 857 730 quod
879 648 1050 736 quumipse
1069 667 1152 710 nnnc
1167 644 1322 723 damnem,

60 762 77 812 Ι
119 750 178 817 sed
202 750 288 832 quod
308 774 374 816 rum
396 751 551 833 scriptum
572 770 641 815 esse
658 751 692 813 in
710 749 785 814 Mes.
801 757 933 831 constet,
954 756 987 815 ct
1007 747 1094 831 quod
1112 752 1237 812 mutare
1258 767 1322 811 nou

119 852 275 918 debebam
294 854 356 918 nisi
377 852 557 918 rationibus
576 858 707 918 coactus
725 852 924 920 firmissimis.
966 852 1015 917 Ea
1033 851 1130 916 etiem
1152 848 1193 914 do
1209 870 1322 914 caussa

60 984 63 1019 ι
121 955 226 1034 doleo,
265 956 353 1039 quod
386 956 495 1021 videor
532 956 566 1019 in
599 955 650 1020 bis
674 954 769 1020 rebus
806 958 876 1040 ipse
907 954 994 1040 qnod
1027 952 1174 1038 improbo
1206 951 1320 1032 facere,

118 1057 249 1122 nimium
270 1059 392 1123 scilicet
410 1059 552 1124 tribuere
574 1057 763 1141 quisquiliis,
804 1079 903 1142 quum
921 1057 1022 1122 multo
1042 1057 1147 1122 maius
1164 1054 1271 1120 adhuc
1286 1055 1320 1119 in

116 1159 209 1224 libris
233 1160 421 1226 Latinorum
449 1159 673 1243 explicandum
705 1166 807 1226 restet
832 1182 876 1227 sc.
902 1157 1107 1225 eradicandi
1132 1162 1165 1223 et
1191 1178 1319 1240 compo·

115 1261 213 1327 nendi
245 1267 279 1326 et
308 1283 384 1329 usus
412 1261 582 1327 verborum
615 1283 654 1329 ao
679 1261 860 1345 phrasim,
897 1281 1068 1346 rerumque
1098 1280 1259 1327 connexus
1287 1264 1320 1324 et

114 1364 308 1446 explanatio.

198 1465 286 1532 Malo
303 1466 467 1549 scripsisse
487 1467 610 1546 ιιιὶιιιιι,
631 1467 763 1546 similia,
782 1488 880 1550 quum
900 1468 1038 1534 maxime
1057 1467 1213 1552 probetur
1226 1463 1319 1530 libris

113 1573 224 1648 ut10,
251 1575 324 1635 488.
351 1575 398 1649 11,
424 1573 475 1633 40.
506 1573 546 1633 56
571 1574 670 1652 atque
691 1569 771 1634 illud
794 1592 816 1634 u
841 1590 900 1652 pro
921 1594 952 1651 o,
979 1571 1014 1636 in
1040 1573 1161 1648 volnus,
1187 1588 1319 1656 aequom,

114 1673 235 1752 arduos,
254 1673 364 1738 medios
383 1671 454 1736 aliis
473 1692 536 1736 nou
557 1672 753 1737 urbanorum
780 1671 836 1737 sed
862 1673 1052 1739 rusticorum
1077 1673 1197 1740 formas
1220 1671 1318 1736 fuisse

111 1773 227 1839 iudico.

199 1875 237 1937 In
265 1873 326 1937 hao
353 1873 539 1955 quaestione
566 1873 679 1938 turbas
706 1876 857 1941 excitavit
884 1879 1040 1943 maximas
1070 1880 1174 1962 ipsum
1203 1895 1318 1941 nomen

122 1975 246 2058 Virpiiii,
269 1995 363 2055 quem
389 1975 545 2057 Verqilium
564 1976 704 2040 scribere
722 1975 818 2040 iussit
835 1978 1009 2060 aliquando
1031 1981 1171 2061 Angelus
1188 1978 1318 2043 Politia·

114 2098 188 2155 nus,
214 2095 299 2140 nunc
319 2080 394 2141 sunt
414 2076 558 2141 homines
579 2075 769 2156 doctissimi,
791 2078 847 2160 qui
869 2078 1038 2161 Virgilium
1057 2102 1115 2145 neo
1135 2081 1246 2144 audire
1263 2100 1316 2142 ro·

113 2179 184 2245 lunt
215 2199 273 2243 noc
303 2178 418 2259 ridere,
451 2199 532 2261 quos
555 2177 774 2257 ,indoctorum
803 2180 966 2245 bominum
1000 2181 1316 2264 magistellorumque

111 2280 281 2346 ridiculam
307 2280 542 2346 contumaciam
568 2281 640 2365 (qui
663 2282 799 2348 nominis
827 2283 979 2366 Virgilius
1000 2283 1149 2349 ¹l'ormam
1171 2282 1315 2364 sumant)

110 2383 250 2448 delenire
275 2384 374 2467 pudet
401 2382 600 2465 taedetque‘t
642 2384 685 2448 At
709 2385 806 2449 etiam
831 2407 916 2451 nuuc
943 2394 1018 2452 sunt
1041 2386 1198 2465 homines,
1233 2405 1315 2468 quos

110 2508 173 2551 uon
200 2492 320 2552 temere
344 2486 485 2550 iudicare
506 2485 735 2568 praeiudicium
761 2493 818 2566 est,
846 2489 901 2572 qui
926 2490 1016 2555 illam
1041 2491 1074 2555 in
1097 2488 1148 2553 his
1171 2487 1314 2552 minutiis

110 2588 248 2653 novandi
270 2588 479 2671 cupiditatem
504 2588 756 2670 reprehendunt,
786 2591 872 2656 velut
892 2593 1081 2658 lattmaun:
1122 2589 1199 2671 „Ich
1226 2609 1313 2654 muas

110 2691 287 2770 bokennen,
323 2690 387 2755 und
412 2690 465 2754 ioh
490 2689 572 2756 bitte
600 2690 662 2754 mir
683 2690 742 2756 das
760 2693 969 2759 Bekcuutuiss
991 2694 1050 2759 mit
1069 2691 1242 2758 Riiolrsicht
1258 2691 1327 2755 auf·

110 2795 234 2859 meiuen
264 2791 469 2874 Staudpunkt
495 2793 585 2857 nicht
615 2791 690 2858 iibcl
716 2814 755 2858 au
785 2794 917 2874 deutou,
955 2795 1031 2861 dass
1052 2795 1113 2859 mir
1139 2793 1199 2857 der
1224 2793 1314 2858 Eiier

108 2899 214 2970 obicio,
235 2916 330 2969 amor,
350 2908 504 2981 quattuor,
526 2895 647 2970 cottidie,
669 2896 801 2981 mutale,
821 2897 992 2981 intellegere,
1015 2897 1163 2981 Verqilius,
1183 2916 1212 2959 ιι.
1235 2916 1260 2960 a.
1275 2914 1312 2962 w.

107 3023 146 3064 nu
174 2997 340 3063 schreiben
368 2996 429 3063 den
455 2996 619 3062 Eindruck
646 2997 733 3061 einer
759 2997 949 3064 kleinlicheu
981 2998 1146 3082 gelehrteu
1174 2996 1312 3061 Ziersrei

107 3101 233 3166 macht“
261 3099 382 3164 Ztscbr.
401 3100 512 3182 Gymn.
536 3104 618 3163 1873
640 3121 669 3181 p.
691 3103 761 3163 640.
804 3100 958 3183 Virgilius
978 3100 1154 3166 defenduut
1174 3098 1311 3178 Schultz,

106 3202 263 3282 Conrads,
284 3201 533 3283 Schuchardt2),
553 3201 677 3286 Henry,
695 3201 802 3283 Bergk
818 3203 859 3266 al.
901 3203 969 3267 lam
994 3224 1069 3268 vero
1088 3203 1115 3267 si
1131 3200 1312 3267 accuratius

106 3306 301 3387 quaerimus,
323 3304 356 3367 in
381 3304 566 3368 memoriam
594 3303 806 3368 revocandum
828 3305 927 3369 estin
946 3305 1001 3370 illo
1020 3304 1223 3370 celeberrimo
1240 3303 1311 3384 pbi-

106 3409 282 3487 lologorunr
312 3428 475 3486 consessu,
512 3407 663 3487 quierat
689 3406 892 3471 Francofurti
919 3408 960 3472 ad
987 3408 1134 3472 Moenum
1158 3426 1187 3470 a.
1219 3409 1309 3469 1861.

107 3506 308 3573 adamatores
337 3509 474 3574 nominis
504 3508 657 3573 rusticani
690 3531 748 3574 nec
783 3531 913 3578 numero
939 3511 1082 3593 potuisse
1102 3509 1226 3573 vincere
1251 3528 1310 3571 uec

107 3609 248 3686 ratione,
284 3609 597 3693 disputationemque
630 3613 801 3695 abruptam
835 3613 933 3677 fuisse
968 3634 1032 3676 non
1052 3611 1182 3676 finitam.
1226 3609 1309 3688 Quid

106 3708 194 3794 qnod
223 3710 291 3792 ipse
327 3712 385 3796 Wp.
411 3731 509 3792 quum
536 3713 569 3776 in
604 3711 742 3780 editione
772 3737 830 3780 sua
858 3715 900 3779 ad
930 3715 1125 3799 Heynianam
1156 3721 1243 3779 tomo
1271 3715 1307 3778 V.

191 3985 217 4047 2)
238 3983 290 4046 Qui
306 3989 390 4035 umen
408 3982 492 4046 „doch
509 3984 543 4035 ist
561 3987 758 4053 znrugcstrhcn,
777 3988 839 4041 dass
857 3987 922 4040 auch
940 3989 982 4041 cin
1000 3987 1181 4056 ursprduglich
1193 3989 1306 4039 mslikcs

104 4069 236 4134 Vergilius
254 4083 312 4118 zum
327 4067 410 4132 einzlg
427 4067 628 4138 rechtmtssigcu
648 4075 746 4125 Numen
771 4076 844 4125 einer
864 4073 971 4125 Familia
988 4075 1090 4125 werden
1111 4075 1224 4125 kountc“
1238 4075 1262 4136 2,
1279 4089 1305 4140 p.

102 4155 144 4204 58.
180 4154 223 4203 Sic
252 4153 279 4202 iu
299 4154 325 4202 m
346 4152 457 4204 divorsis
479 4153 544 4207 locis
566 4157 661 4224 legitur
677 4159 800 4223 uirgulta
827 4150 853 4210 et
872 4158 1007 4224 pergulam
1043 4158 1070 4208 in
1091 4157 1305 4226 inscriptionibus

102 4237 146 4289 Iit.
166 4236 244 4288 refert
263 4251 322 4288 csse
338 4238 365 4288 iu
384 4239 436 4290 Mu
455 4238 592 4306 Vergilius
609 4245 636 4294 in
652 4241 685 4293 bc
702 4242 853 4309 Virgilius,
880 4244 906 4294 in
924 4259 954 4310 pc
972 4242 1052 4308 Verg.
1071 4243 1102 4293 G.
1119 4245 1139 4303 1,
1159 4247 1192 4294 ΙΙ.
1228 4242 1303 4305 Virg.

103 4325 133 4374 G.
154 4325 200 4373 ΙΙΙ.
218 4325 260 4372 lv.
278 4328 304 4372 ct
320 4320 369 4374 An.
389 4323 448 4385 xil,
466 4327 491 4376 in
510 4327 599 4378 ceteris
616 4326 684 4378 locis
703 4342 796 4379 nomeu
826 4329 953 4379 omissum
974 4334 1024 4387 est;
1059 4327 1091 4378 de
1108 4327 1222 4377 Palatino
1241 4325 1304 4376 nibil

102 4408 173 4458 addit
190 4407 235 4470 (oi.
255 4422 271 4473 p
299 4409 381 4473 xxl).
417 4409 503 4462 Habet
519 4411 585 4463 illud
598 4412 739 4476 Vergilius
761 4406 897 4463 innostro
914 4411 1096 4476 lingusmulls
1114 4409 1215 4463 similia.
1235 4408 1304 4461 velut

102 4494 208 4559 crgcud,
226 4493 353 4554 werklicb,
373 4494 528 4546 Bedcriuiss.
