2856 4876
175 190 247 232 ¹¹11
675 192 876 245 PRAEFfflO.

177 366 220 453 ut.
235 380 286 424 res
303 359 410 443 plures
429 381 492 425 nno
515 360 629 426 obtutu
649 362 741 445 qnasi
761 363 946 426 intueretur.
988 360 1037 425 Ea
1059 360 1093 425 in
1118 381 1154 425 ro
1179 359 1261 425 alius
1284 380 1385 445 saepe

180 464 274 527 aliter
295 462 461 543 iudicabit;
483 484 541 547 ego
562 486 653 529 meae
671 465 943 548 interpretationis
958 464 1050 547 signa
1068 464 1147 529 dare
1166 462 1260 527 volui.

263 566 332 629 lam
354 565 479 631 tandem
500 566 585 631 idem
611 566 771 651 profiteor,
792 566 878 650 quod
891 566 1041 650 inpriore
1059 565 1197 631 editione
1216 564 1384 649 professus

174 691 260 749 sum,
285 668 390 733 omnia
410 688 477 747 me,
506 689 589 752 quae
614 669 657 734 ad
679 669 866 752 explicanda
884 668 1011 751 Virgilii
1032 668 1129 734 verba
1145 689 1183 733 ao
1203 668 1384 733 sententias

174 773 278 836 valere
293 771 481 850 riderentur,
505 776 659 853 quantum
675 771 832 855 potuerim
850 791 1067 854 eomparass03
1088 770 1144 835 sed
1165 776 1202 835 ut
1219 770 1252 834 in
1269 771 1385 852 priore

172 875 307 938 editione
332 872 379 938 sie
402 873 435 937 in
461 872 524 938 hac
549 872 715 956 periniquo
740 872 819 937 mihi
844 872 975 951 accidit,
1009 879 1046 938 ut
1069 872 1235 955 Forbigeri
1271 892 1383 955 opero,

172 997 193 1040 a
212 997 261 1039 me
279 975 409 1058 plurimi
425 975 603 1056 aestimato,
615 996 687 1040 non
703 996 828 1059 possem
838 976 885 1039 uti
901 974 963 1039 nisi
979 975 1013 1039 in
1029 980 1123 1058 parte
1138 975 1278 1054 minima,
1301 996 1382 1041 nam

170 1099 265 1161 quurn
282 1077 362 1142 haec
380 1097 452 1141 mea
473 1096 572 1160 opera
590 1078 683 1143 tarde
701 1076 889 1161 procederet
915 1096 954 1141 ao
971 1077 1079 1160 plures
1097 1098 1156 1161 per
1174 1096 1275 1141 annos
1296 1077 1382 1144 haee

169 1180 267 1244 editio
289 1179 347 1244 sub
370 1178 461 1261 prelo
480 1186 627 1261 gemeret
646 1179 767 1244 factunm
786 1185 843 1258 est
860 1178 1075 1262 utForbigeri
1092 1185 1214 1243 tomum
1232 1179 1378 1262 priorem

168 1284 189 1347 l.
209 1282 336 1347 l—lv.
359 1280 551 1364 eooipsrsm,
571 1302 669 1366 quum
691 1282 772 1347 liber
793 1282 846 1347 vt
869 1280 1099 1362 excudebatur,
1120 1283 1336 1365 posteriorem
1356 1284 1376 1350 l

168 1384 352 1449 Vll—XII.
381 1404 479 1467 quum
500 1384 520 1449 l
540 1384 578 1449 X.
599 1404 701 1468 paene
720 1384 881 1449 oonieotus
901 1390 980 1449 erat
1021 1385 1084 1450 Diu
1103 1386 1216 1469 igitur,
1251 1392 1292 1450 nt
1309 1388 1376 1453 ianr

169 1487 287 1565 monui,
307 1487 340 1550 in
356 1486 417 1551 hoo
435 1486 519 1552 libro
541 1485 662 1551 edendo
684 1491 829 1551 versatu
848 1506 926 1565 sum,
945 1507 984 1552 ao
999 1487 1064 1552 iam
1084 1493 1158 1553 ante
1177 1486 1257 1552 duos
1271 1510 1375 1556 annos

170 1589 301 1666 confeci,
318 1586 374 1652 sed
392 1588 486 1653 tardo
508 1608 617 1673 gressu
638 1594 766 1653 secutus
787 1594 836 1653 est
855 1590 1083 1674 typographus,
1111 1597 1148 1655 ut
1167 1610 1247 1671 opus
1269 1611 1375 1674 paena

168 1692 343 1774 perfectum
361 1691 494 1755 nonsit
536 1691 618 1755 Nam
635 1711 733 1773 quum
749 1691 815 1755 iam
836 1697 910 1756 anto
928 1710 1046 1756 annum
1071 1693 1161 1775 gravi
1187 1693 1368 1762 laborarem

169 1794 334 1857 oculorum
348 1792 470 1871 morbo,
491 1813 556 1857 non
573 1793 730 1876 potuisset
746 1813 798 1857 res
813 1792 856 1856 ad
869 1792 964 1857 finem
985 1792 1128 1877 perduoi,
1147 1796 1207 1859 nisi
1217 1796 1256 1861 ll.
1265 1798 1363 1862 Hans·

169 1893 324 1959 diirfferns
349 1894 610 1960 Helmstadiensis
630 1916 722 1960 suurn
748 1894 902 1960 auxilium
920 1897 1143 1979 praestitisset,
1176 1918 1215 1961 ee
1235 1899 1363 1967 schedas

168 1998 308 2080 singulas
336 1996 540 2077 correxisset,
579 1997 667 2062 ouius
702 1995 846 2063 beneficii
868 1997 901 2061 in
931 2017 983 2062 me
1014 1999 1124 2063 collati
1154 2001 1275 2080 mustias
1307 2022 1367 2087 ago

166 2100 319 2165 maximas
341 2106 495 2185 optoque,
523 2105 561 2165 ut
580 2106 613 2165 at
629 2100 684 2164 alii
704 2101 816 2166 itidem
838 2105 950 2181 agant,
978 2100 998 2164 i.
1019 2120 1046 2164 s.
1066 2105 1103 2164 ut
1121 2101 1263 2169 iudicent
1284 2105 1371 2173 hano

164 2224 267 2268 meam
287 2222 417 2287 oporam
436 2203 470 2267 in
487 2203 656 2285 Virgilium
675 2222 738 2268 non
757 2202 878 2268 trustra
898 2224 968 2269 esse
987 2203 1146 2268 wllatam.
