2856 4876
114 194 145 234 Vt
621 197 828 251 palarmo,

115 374 253 439 fortasse
279 375 383 439 minus
409 393 590 455 moremur,
626 395 741 440 caussa
768 377 832 450 est,
869 372 954 453 quod
983 372 1087 438 multa
1112 394 1196 457 quae
1222 375 1334 457 attigit

114 479 309 563 ignoramus,
332 486 365 545 et
385 480 470 565 quod
488 466 624 546 Romani
644 502 707 545 non
730 501 848 545 sumus.
892 481 1002 564 Neque
1024 481 1198 545 Homerum
1218 479 1333 545 dubito

115 584 193 666 quin
227 584 293 648 alia
326 584 402 649 olim
435 591 543 651 mente
576 585 715 669 legerint
742 585 893 668 Spartani
930 584 1151 649 adolescentes
1178 604 1218 648 ac
1248 603 1334 647 nunc

116 687 277 752 Germani.
320 687 391 752 Hac
411 709 485 754 vero
516 688 684 755 dulcedine
710 709 808 772 quum
835 694 966 772 caperet
992 689 1090 769 cives,
1116 688 1213 753 etism
1239 709 1333 772 prae·

116 797 211 875 cepta
233 791 335 875 magis
356 792 390 857 in
410 798 549 858 mentem
569 812 682 858 eorum
701 792 948 860 descendebant.

201 894 315 979 Itaque
335 898 472 963 Romani
494 896 666 963 Aeneidem
693 919 765 964 cum
784 897 917 962 Homeri
943 897 1138 964 carminibus
1164 916 1334 979 compara

116 997 207 1079 bant,
245 1000 300 1083 qui
330 1023 429 1085 quum
459 1009 608 1069 esmant
641 1008 834 1087 aequassent
851 1008 909 1067 sut
940 1002 1115 1086 aliquando
1144 999 1335 1066 habuissent

116 1104 314 1186 superiorem
326 1107 367 1188 ³),
387 1105 526 1171 aliarum
546 1106 688 1190 gentium
710 1107 856 1172 homines
879 1107 1043 1184 exstitere,
1078 1105 1133 1188 qui
1157 1125 1264 1169 rerum
1285 1104 1332 1168 in-

115 1214 283 1274 ventarum
305 1209 450 1274 novitate
470 1216 503 1275 et
519 1211 656 1293 ingenuo
677 1209 873 1275 narrationis
895 1211 1003 1276 colore
1025 1208 1209 1274 ethereum
1231 1209 1333 1288 digni·

116 1317 184 1376 tate
211 1313 313 1377 multo
337 1311 502 1378 habebant
522 1312 720 1392 inferiorem,
748 1335 807 1378 nee
829 1319 961 1398 praeter
979 1309 1236 1396 comparatiories
1259 1312 1333 1378 illus

117 1416 196 1481 satis
218 1415 369 1481 laudatas
390 1416 565 1500 quidquam
580 1416 648 1483 fere
667 1416 752 1499 quod
768 1417 965 1483 laudandum
979 1423 1063 1482 esset
1078 1417 1282 1500 reperiebant
1292 1420 1333 1501 ⁴).

206 1658 498 1724 ³)ct.er0p.1t‚25‚
518 1659 552 1713 65
572 1658 796 1711 Cediteliemarri
817 1663 976 1726 scriptores,
1005 1659 1092 1711 cedite
1111 1659 1203 1721 Graii‚·
1234 1658 1333 1712 Jl'escio

118 1743 187 1809 quid
208 1746 298 1793 maius
324 1747 452 1795 nordber-
475 1744 569 1798 Iliade.
606 1746 680 1798 ovid.
699 1746 731 1798 Α.
749 1745 781 1798 Α.
805 1748 856 1810 Ill,
879 1748 941 1798 tat:
980 1745 1017 1796 lit
1038 1744 1189 1811 prqsregum
1206 1746 1332 1806 Aeneam,

118 1829 195 1879 altae
213 1829 368 1894 primordia
388 1828 500 1893 Romae,
521 1833 578 1896 Qrto
596 1832 702 1883 nullum
719 1830 803 1883 helie
822 1833 924 1882 clarina
946 1835 1041 1882 emetat
1060 1847 1134 1896 opere.
1169 1831 1279 1895 Quintil.
1298 1834 1331 1890 X,

120 1917 142 1976 l,
161 1917 208 1966 85:
245 1914 315 1965 idem
334 1916 409 1965 notis
420 1933 471 1982 per
487 1915 623 1970 Romanor
639 1934 746 1985 quoque
761 1922 888 1969 arietem
910 1917 976 1967 orde
999 1917 1136 1967 ducendus
1153 1922 1201 1967 eat.
1237 1918 1332 1982 ltaque

118 2005 153 2051 ut
168 2001 245 2066 aperti
262 2002 321 2052 illos
337 2003 478 2069 liemarus,
496 2008 536 2054 ric
552 2005 628 2072 apud
644 2022 692 2056 eor
708 2003 848 2070 Virgilius
865 2004 1118 2068 artspieutirrimum
1135 2002 1238 2054 dederit
1254 2020 1332 2054 aree

117 2086 206 2149 dium,
244 2090 365 2139 omnium
389 2093 449 2141 eim
470 2094 580 2157 generis
602 2097 750 2158 poetarum
775 2089 941 2141 Graecorum
961 2092 1170 2154 reortrerumque
1185 2086 1237 2138 'illi
1258 2089 1335 2138 iared

117 2171 196 2222 dubie
217 2175 370 2238 proeliares.
408 2173 477 2228 Utar
501 2179 571 2227 enim
592 2178 680 2228 certia
704 2175 813 2235 iisdem,
840 2191 911 2240 quae
931 2175 965 2223 ab
986 2172 1061 2236 Asro
1086 2172 1205 2223 Domitio
1228 2176 1333 2223 incenia

117 2262 216 2324 accepi,
236 2261 366 2324 primiti
382 2263 582 2326 interroganti,
616 2277 694 2326 quem
714 2262 827 2312 Homero
846 2258 967 2311 erederet
991 2263 1111 2310 murima
1128 2257 1263 2318 accedere,
1287 2258 1332 2307 Se-

117 2343 223 2393 cundus
240 2347 331 2409 inperii
348 2349 390 2394 eat
407 2344 557 2411 Virgilius,
586 2350 702 2412 propior
722 2352 812 2397 tamen
832 2349 921 2411 prime
943 2356 1026 2412 qrram
1053 2347 1146 2395 tertio.
1182 2342 1219 2392 Et
1245 2344 1333 2394 hercle

118 2433 153 2479 ut
168 2429 211 2477 illi
226 2434 345 2480 nutrerae
363 2430 476 2481 caelesti
493 2437 521 2482 et
536 2432 691 2484 immortali
706 2434 874 2494 miserimus,
904 2435 946 2482 ila
969 2446 1052 2481 curae
1068 2435 1098 2480 et
1116 2427 1275 2494 dila'geuliae
1293 2431 1335 2481 uel

117 2514 176 2563 ideo
194 2516 221 2564 iu
242 2515 291 2565 ltoc
304 2515 369 2581 plur
386 2521 433 2576 eet,
451 2516 525 2581 qued
542 2521 568 2568 ei
591 2518 651 2580 fuit
668 2519 758 2583 magle
776 2516 963 2567 laborandum.
977 2554 1005 2567 ..
1042 2515 1133 2566 Ceteri
1149 2530 1239 2566 omues
1257 2516 1335 2581 longe

117 2606 281 2667 sequuntur.
312 2628 345 2639 -
364 2599 443 2653 Adde
461 2602 532 2667 quod
550 2609 638 2654 narrat
657 2603 722 2655 Plin.
741 2603 789 2668 Ep.
811 2603 835 2664 3,
855 2603 878 2652 7.
897 2602 979 2653 Silius
998 2601 1106 2652 Italicus
1126 2601 1245 2663 ..Virgilii
1264 2609 1333 2652 nata·

119 2688 170 2738 lem
190 2686 242 2751 (ld.
263 2686 333 2747 Oct.)
351 2685 501 2751 religiosius
518 2702 598 2753 quam
616 2703 695 2741 suum
714 2685 871 2747 celebrabat,
892 2686 999 2752 Neapoli
1019 2687 1145 2751 maxime,
1175 2685 1220 2737 uhi
1242 2704 1334 2738 monu-

118 2779 236 2824 mentum
253 2774 311 2824 eius
329 2771 408 2834 adire,
431 2781 461 2823 ut
479 2773 618 2840 templum,
636 2773 765 2825 solebat.“

203 2860 255 2909 Nec
271 2858 408 2910 doctorum
426 2867 527 2911 tanturn
547 2860 683 2911 bominum
705 2864 810 2910 caecat
832 2858 973 2916 sententia,
1007 2856 1054 2908 sed
1075 2870 1167 2907 omnes
1185 2859 1243 2910 itali
1262 2862 1332 2911 omni

118 2951 235 3008 tempore
255 2944 290 2996 ite
308 2951 456 2997 senserunt.
492 2946 535 2997 Sic
557 2953 683 3010 quantum
705 2943 831 2996 honorem
855 2941 964 3009 Virgilio
985 2941 1108 3006 aequales
1131 2941 1271 2995 tabuerint
1288 2944 1335 2995 do-

118 3044 209 3081 cemur
226 3029 328 3094 dialogo
346 3032 379 3084 de
397 3033 456 3084 clar.
473 3047 511 3083 or.
529 3046 551 3083 c.
573 3032 624 3082 ts:
662 3030 754 3094 „testis
771 3031 828 3096 ipsc
845 3029 971 3096 populus,
1002 3027 1046 3093 qni
1070 3026 1168 3080 auditis
1187 3030 1214 3081 in
1233 3030 1333 3081 theatro

118 3115 236 3166 versibus
255 3117 354 3181 Virgilii
371 3119 483 3171 surrexit
498 3118 637 3169 universus
654 3124 680 3167 et
694 3115 760 3166 iorte
780 3121 942 3181 praesentem
964 3119 1177 3179 spectantemque
1196 3115 1333 3180 Virgilium

117 3207 257 3252 ueneratus
275 3209 316 3253 est
334 3204 384 3264 sie,
415 3205 491 3269 quasi
508 3203 686 3268 Augustum.“
722 3200 765 3251 Sic
785 3213 953 3266 peromnem
978 3199 1159 3265 antiquitatem
1184 3203 1210 3251 ln
1234 3200 1333 3252 scholis

118 3287 232 3336 carmina
251 3287 351 3352 Virgilii
369 3288 531 3355 legebantur,
551 3296 577 3340 et
593 3302 663 3338 nunc
681 3287 806 3337 Mantuae
825 3284 928 3335 cilicina
944 3285 1137 3352 typographica,
1156 3286 1273 3352 quesibi
1294 3295 1335 3339 est

118 3373 239 3434 maxima,
263 3376 289 3424 in
308 3375 444 3426 Mantuani
462 3381 554 3441 poetae
571 3373 697 3424 bonorem
720 3370 818 3421 dicitur
835 3371 1018 3438 Tppograpbia
1036 3372 1189 3437 virgiliana.
1234 3374 1333 3435 eranti

118 3466 204 3510 autem
232 3459 321 3510 medio
342 3474 405 3512 aevo
430 3460 585 3511 aestimatus
604 3459 640 3508 sit
660 3456 785 3522 Virgilius
817 3456 890 3506 uides
917 3471 945 3508 ex
968 3471 1015 3518 eo,
1044 3456 1116 3523 quod
1136 3461 1220 3510 Dente
1242 3467 1269 3510 ct
1287 3461 1333 3510 l‘c-

119 3551 209 3607 trarcu,
227 3545 324 3595 summi
342 3553 448 3611 poetae,
465 3558 602 3596 summum
620 3557 680 3593 cum
698 3549 802 3608 poetam
821 3541 983 3601 habuerunt,
1002 3549 1028 3593 et
1044 3541 1115 3608 quod
1133 3551 1256 3609 tanquam
1276 3561 1334 3596 sau-

117 3639 175 3681 ctus
208 3630 344 3682 colebatur
368 3637 394 3682 et
424 3630 496 3695 quod
521 3630 561 3682 rel
591 3630 619 3681 in
645 3627 757 3680 aedibus
783 3627 864 3677 sacris
892 3627 1041 3679 christianis
1068 3628 1209 3681 canebatur
1236 3631 1334 3681 Paulus

118 3715 264 3781 Apostolus
285 3715 343 3778 „Ad
368 3717 486 3768 Maronis
512 3715 676 3767 mausoleum
701 3716 801 3764 Ductus
825 3711 892 3763 indit
918 3728 997 3779 super
1021 3728 1081 3764 cum
1104 3715 1165 3765 Piae
1185 3731 1270 3766 rorem
1299 3714 1334 3764 la-

118 3802 221 3852 crimea.
259 3803 343 3864 Quem
362 3808 401 3863 te,
432 3801 530 3867 inquit,
557 3801 743 3863 reddidissem,
768 3797 796 3850 Si
818 3805 843 3849 te
878 3797 964 3849 rivum
994 3799 1168 3864 invenissem,
1192 3802 1334 3851 Poetarum

118 3887 255 3937 rrrurime.“
1173 3936 1177 3941 ,

203 3974 230 4032 ⁴)
249 3974 334 4024 Instar
352 3975 472 4024 omnium
489 3988 618 4040 apponam
637 3970 713 4024 verbe
732 3969 856 4028 Richteri.
876 3971 920 4036 qui
937 3986 1017 4036 quum
1036 3970 1069 4022 de
1087 3970 1195 4023 deorum
1212 3969 1239 4019 in
1254 3968 1334 4020 iliade

119 4059 271 4107 tractatione
290 4058 473 4120 disseruisset,
500 4074 599 4125 cosque
624 4059 721 4125 optime
744 4056 831 4107 illatos
855 4067 913 4108 csse
934 4057 1102 4120 affirmasset,
1133 4053 1236 4107 addidit
1258 4054 1333 4105 hacc:

121 4143 194 4193 Gen:
221 4142 318 4192 undere
341 4147 409 4211 geli
430 4163 457 4196 er
476 4162 527 4196 rena
550 4147 602 4194 mil
627 4143 686 4193 dem
708 4140 797 4191 tane·
821 4141 877 4190 uad
903 4141 985 4192 Irtsel-
1006 4143 1063 4194 und
1084 4140 1243 4206 Seffalrer,
1275 4140 1333 4190 dem

117 4227 231 4277 rciiiaen
246 4228 338 4280 aiiseen
357 4232 517 4282 Haltllelden
536 4230 583 4280 der
601 4228 728 4290 Aeneide,
743 4227 785 4277 die
800 4243 830 4277 so
846 4232 913 4292 gut,
934 4232 983 4279 wie
1000 4244 1050 4279 eron
1070 4231 1153 4278 ciuem
1165 4226 1250 4287 Paris,
1271 4227 1335 4276 oder

119 4315 161 4363 dic
183 4314 298 4364 Perinde
319 4318 419 4367 baiesen
442 4317 548 4367 tinere.
584 4314 639 4364 titt
666 4315 713 4363 der
737 4313 898 4379 rilalliglreit
922 4314 1057 4364 derselden
1083 4315 1186 4364 seuiebat
1210 4312 1333 4376 zugleiclr

118 4399 162 4448 die
192 4398 431 4467 Noibweediglreit
461 4402 518 4452 tried
545 4402 614 4451 Zaitl
640 4400 697 4451 seriel
722 4399 930 4453 Ueleidlieideit
953 4400 1001 4450 der
1019 4399 1203 4465 Hillsrgiiiter.
1238 4397 1335 4462 Virgil

118 4487 196 4535 lriille
212 4487 269 4536 also
288 4485 372 4536 decit
387 4487 498 4552 geddiel,
516 4486 578 4536 dass
596 4502 625 4536 er
641 4485 724 4536 dieses
740 4485 950 4549 Heldeugediedt
966 4499 1028 4535 serm
1045 4482 1195 4535 Ferterlode
1213 4482 1257 4533 des
1269 4483 1334 4532 lier-

118 4570 191 4621 lrules
214 4572 390 4632 verdammle,
422 4588 496 4620 ruerus
525 4571 647 4621 dadurct
677 4586 720 4620 aru
742 4571 881 4633 Gediclttc,
914 4573 963 4620 *ieie
983 4585 1028 4619 em
1047 4569 1187 4634 llerlrules,
1216 4585 1269 4619 riter
1288 4568 1335 4619 der
