2856 4876
121 182 166 224 111
629 186 836 241 PRAEFATIO.

124 376 228 438 neque
247 357 429 423 eonomine
452 356 585 441 dignam
604 378 675 424 esse
695 381 754 425 nec
775 358 894 424 durare
913 357 1066 441 potuisse,
1091 379 1157 424 non
1178 357 1339 441 intellige-

122 464 188 537 ret,
222 458 264 524 ab
286 462 430 543 Augusto
454 481 581 526 summa
597 460 687 527 bona
702 462 736 527 in
754 461 985 545 rempublicam
1008 481 1078 527 esse
1103 461 1237 541 collata,
1273 482 1338 525 non

122 567 253 645 poterat
273 584 400 646 negare.
442 565 487 630 Et
504 564 666 631 intellexit
681 565 784 630 omnis
804 565 951 648 populus,
969 568 1003 629 et
1018 565 1084 629 iam
1100 572 1199 648 quum
1217 564 1339 629 bellum

123 667 343 730 Antonianum
356 669 596 749 exardescebat
611 689 736 733 summa
744 667 962 733 sollieitudine
971 672 1005 732 et
1014 668 1188 747 anxietate,
1205 672 1238 732 et
1247 667 1338 732 linito

124 769 262 834 feliciter
284 769 384 852 bello,
420 793 544 838 summo
562 772 681 856 gaudio
703 777 736 836 et
756 771 888 836 summis
905 770 1085 835 honoribus
1103 770 1138 834 in
1158 771 1339 852 Augustum

125 873 249 937 collatis
270 873 434 940 indicavit.
476 878 585 960 Atque
607 877 634 942 ie
654 876 712 955 vir,
731 875 910 959 imperator
928 878 1104 957 perpetuus
1121 894 1161 938 ac
1181 873 1340 957 princeps,

123 976 156 1039 in
176 976 378 1042 adversarios
399 977 626 1045 infestissimos
648 977 729 1044 lenis
749 983 782 1043 et
801 983 999 1056 mansuetus,
1039 976 1073 1041 in
1099 996 1209 1041 omnes
1237 975 1340 1039 comis

123 1085 207 1158 erat,
238 1086 275 1144 ut
298 1101 359 1162 par
380 1079 497 1146 infimis
522 1103 592 1149 esee
611 1081 783 1148 rideretur.
825 1081 896 1146 Iam
920 1101 996 1145 vero
1024 1080 1052 1145 si
1075 1080 1145 1144 iure
1167 1078 1340 1163 perhorre-

121 1183 239 1247 scimus
260 1183 470 1248 Octavianum
493 1184 597 1266 illum,
632 1185 689 1269 qni
711 1184 896 1249 Ciceronem
918 1204 1092 1267 omnesque
1123 1183 1226 1248 bonos
1252 1181 1340 1246 frau-

123 1285 225 1364 davit,
254 1285 311 1368 qui
329 1287 582 1371 proscriptiones
603 1287 707 1353 edidit
725 1285 976 1368 crudelissimas,
1003 1287 1059 1370 qui
1078 1308 1118 1351 ex
1136 1286 1237 1369 agris,
1256 1304 1339 1367 quos

123 1388 330 1452 mercenariis
349 1389 415 1455 suis
436 1390 537 1470 daret,
559 1391 682 1474 expulit
695 1390 794 1455 eires.-
812 1394 920 1456 tamen
938 1410 1057 1472 negare
1078 1409 1141 1454 non
1160 1408 1341 1473 possumus,

124 1491 193 1554 eius
220 1491 390 1572 imperium
417 1493 613 1577 reipublicae
642 1495 741 1559 luisse
769 1493 926 1574 salutare;
964 1513 1035 1559 eam
1063 1497 1171 1557 antem
1202 1491 1340 1556 sormam

123 1593 328 1676 reipublicae,
347 1597 523 1681 quamipse
535 1597 662 1663 induxit
672 1603 706 1661 et
722 1618 818 1680 quam
830 1595 1063 1663 commendarit
1070 1594 1224 1677 Virgilius
1235 1593 1289 1679 (cf.
1303 1594 1340 1670 V,

125 1700 142 1758 7
147 1699 211 1778 58),
226 1718 264 1760 eo
275 1702 419 1779 tempore
431 1701 530 1767 luisse
538 1702 746 1785 aptissimam,
765 1707 809 1778 ut,
827 1702 854 1765 si
866 1697 1099 1785 vituperandus
1110 1703 1159 1762 eet
1167 1698 1340 1780 Augustus,

124 1821 189 1863 non
209 1801 252 1864 sit
270 1807 457 1884 propterea,
493 1805 582 1888 qnod
604 1805 822 1888 principatum
849 1805 967 1883 tenuit,
1002 1801 1059 1868 sed
1084 1800 1170 1884 quod
1199 1799 1338 1882 speciem

124 1903 246 1968 liberae
265 1904 405 1972 civitatis
425 1906 554 1974 laedere
575 1909 670 1973 nimis
689 1906 908 1973 verecundans
926 1905 1029 1989 legem
1052 1926 1115 1969 non
1135 1902 1238 1981 dedit,
1275 1922 1340 1983 qua

126 2007 337 2088 imperatores
356 2010 579 2091 succederent3
613 2032 715 2095 quare
749 2011 798 2077 illi
818 2011 937 2076 Tiberii
966 2014 1000 2074 et
1016 2009 1159 2073 Nerones
1178 2005 1340 2082 exstitere,

123 2109 178 2191 qui
200 2131 298 2191 quum
321 2132 386 2176 non
407 2113 566 2180 haberent
586 2121 783 2199 potestatem
805 2113 877 2196 lege
900 2113 1110 2179 constitutam
1135 2115 1169 2175 et
1186 2114 1340 2185 sanctam,

126 2213 274 2295 potentia
301 2236 361 2280 sua
386 2215 480 2282 abuti
507 2219 715 2302 cogebantur.
759 2219 829 2284 lam
856 2218 912 2301 qui
935 2221 1010 2301 post
1036 2213 1124 2278 bella
1148 2210 1255 2278 civilia
1281 2230 1341 2291 per

126 2315 296 2395 sexaginta
316 2318 384 2382 sere
406 2339 507 2384 annos
537 2323 741 2400 continuata,
775 2327 850 2404 post
872 2321 1014 2385 omnium
1038 2336 1146 2382 rerum
1171 2311 1341 2400 perturba-

126 2417 248 2481 tionem
269 2438 381 2499 pacem
405 2421 605 2506 reipublicae
627 2423 814 2490 reddiderat
831 2423 986 2507 pacisque
1004 2420 1193 2486 felicitatem
1215 2423 1248 2482 et
1266 2437 1342 2481 con·

124 2520 309 2584 tinuitatem
329 2523 491 2603 servabat,
510 2526 544 2590 in
557 2547 652 2610 quern
668 2528 834 2592 universus
851 2525 989 2611 populns
1002 2524 1143 2589 honores
1156 2519 1344 2588 conferebat

125 2621 306 2702 inauditos,
344 2625 420 2690 talis
440 2628 501 2692 viri
518 2631 636 2695 merita
655 2636 753 2714 poeta
779 2636 813 2696 et
837 2631 960 2696 amicus
980 2627 1143 2711 negligere
1160 2646 1225 2689 non
1247 2623 1342 2688 debe-

127 2725 193 2804 bat,
214 2727 276 2791 nisi
298 2727 440 2794 furorem
460 2737 588 2797 centum
610 2734 732 2799 catenis
752 2734 894 2800 vinctum
911 2734 1029 2798 iterum
1048 2728 1179 2793 volebat
1202 2728 1344 2793 excitare

128 2831 181 2913 (cf.
205 2831 247 2894 ad
276 2832 308 2909 l,
335 2832 420 2914 294).
464 2834 531 2899 Nec
558 2836 645 2920 quod
673 2837 768 2902 deum
788 2840 969 2920 Augustum
999 2834 1143 2898 futurum
1172 2852 1241 2896 esse
1263 2830 1343 2895 dicit

129 2941 161 2999 ct
181 2935 229 2998 ita
259 2935 400 3018 antiquis
426 2938 566 3004 oraculis
593 2942 711 3022 utitur,
750 2947 787 3006 ιιι
814 2946 923 3004 utrum
951 2939 1017 3003 iam
1043 2935 1115 2999 viro
1143 2955 1186 2998 an
1215 2943 1342 3000 mortuo

127 3037 258 3101 tandem
280 3037 406 3104 divinus
424 3039 529 3107 honor
548 3043 676 3110 futurus
697 3045 753 3124 sit,
776 3045 935 3109 incertum
955 3041 1166 3121 relinquatur,
1187 3037 1343 3102 dicendus

127 3148 177 3206 est
197 3141 333 3206 adulari.
376 3143 459 3209 Nam
479 3153 516 3211 ut
541 3170 625 3232 quae
652 3149 695 3214 ad
718 3149 798 3214 deos
824 3145 1018 3214 ascendendi
1045 3141 1129 3206 ratio
1150 3146 1183 3205 et
1203 3140 1341 3205 facultas

127 3245 311 3310 hominibus
329 3267 397 3311 esse
417 3248 487 3314 visa
507 3250 558 3327 sit,
578 3258 616 3316 ut
637 3253 735 3317 etiam
751 3252 832 3317 illud
850 3251 1046 3325 omittamus,
1066 3265 1163 3326 quarn
1183 3264 1343 3328 propense

126 3349 226 3413 fuerit
253 3349 310 3413 illa
338 3357 428 3416 aetas
458 3352 500 3418 ad
530 3353 672 3419 divinum
697 3356 851 3420 honorem
876 3353 1081 3418 deferendum
1097 3350 1139 3431 ⁹),
1160 3348 1224 3411 iam
1244 3369 1342 3429 quum

127 3452 184 3516 illa
208 3452 338 3534 scripsit
357 3453 527 3538 Virgilius,
550 3458 714 3540 Augustus
736 3458 814 3524 deus
841 3458 946 3523 cultus
974 3461 1036 3535 est,
1074 3457 1107 3518 et
1135 3472 1175 3515 cx
1198 3456 1343 3515 senatus-

127 3555 282 3620 consulto.

213 3658 300 3724 Satis
317 3659 398 3726 haec
422 3660 511 3727 dicta
528 3682 598 3727 esse
620 3669 707 3746 puto,
729 3662 865 3746 utquid
886 3668 1014 3746 poetam
1043 3657 1085 3723 ad
1108 3677 1238 3720 carmen
1258 3677 1342 3720 com-

128 3761 309 3844 ponendum
327 3764 505 3848 impulerit,
538 3765 616 3847 quid
636 3767 777 3831 carmine
796 3788 854 3831 suo
875 3763 1084 3849 spectauerit,
1121 3779 1278 3843 apparere
1298 3758 1343 3820 vi-

127 3864 251 3944 deatur,
271 3867 350 3932 satis
373 3869 470 3933 etiam
492 3869 595 3933 multa
615 3868 694 3934 mihi
714 3869 832 3935 dixisse
851 3870 963 3934 videor
984 3865 1025 3932 ad
1043 3887 1082 3930 ea
1103 3884 1186 3947 quae
1206 3859 1343 3942 Virgilio

128 3968 258 4034 obiecta
277 3977 352 4035 eunt
378 3971 566 4051 refellenda3
608 3972 742 4037 virtutes
771 3979 881 4037 autem
907 3970 1057 4035 carminis
1082 3968 1144 4032 hac
1168 3963 1344 4045 scriptione

127 4072 317 4156 praedicare
336 4096 416 4158 opus
433 4080 564 4154 nonest,
586 4074 820 4157 siquidemquo
839 4074 910 4157 quie
923 4074 1053 4157 saepius
1073 4069 1160 4151 legit,
1182 4089 1220 4131 eo
1240 4065 1344 4145 magis

126 4178 307 4259 perspiciet.
349 4181 462 4244 Restat
494 4185 531 4245 ut
555 4177 596 4242 de
629 4200 701 4243 mea
733 4199 832 4260 opera
868 4178 978 4260 paucis
1009 4176 1183 4242 absolvam.
1233 4172 1345 4253 Neque
1390 4204 1400 4236 ·.

128 4282 212 4344 enim
245 4282 322 4363 quid
348 4284 417 4366 ipse
444 4284 523 4349 mihi
547 4283 761 4367 praestitisse,
796 4281 874 4365 quid
901 4280 1031 4345 luminis
1057 4284 1174 4363 poetae
1197 4274 1345 4342 attulisse

215 4548 244 4602 θ)
262 4542 299 4594 Cl.
318 4551 348 4594 ut
367 4543 395 4594 in
414 4543 523 4609 Virgilio
543 4542 722 4594 subslstumus
741 4540 796 4592 Ecl.
816 4543 835 4592 1.
855 4541 921 4592 Aen.
944 4540 1027 4602 1,3·2ῖ
1048 4551 1106 4604 sqq.
1165 4523 1175 4541 ⁹
