2856 4876
589 224 794 279 PRAEFATIO.
1283 226 1303 266 v

83 397 184 475 atque
214 392 382 458 libidinem
412 396 568 479 pereundi
604 396 823 481 perdendique
854 397 962 463 omnia
994 398 1190 464 invexerant.
1232 397 1304 463 Ilac

79 495 193 578 populi
205 495 289 560 'labe
307 498 461 562 commoti
483 498 629 565 homines
649 499 776 583 patriae
795 487 941 565 amantes
960 521 1020 583 pro
1040 521 1101 566 sua
1118 506 1213 585 parte
1224 501 1304 568 vitia

79 598 243 680 corrigere
276 603 309 664 et
342 621 449 665 mores
477 601 649 667 emendare
685 601 866 687 cupiebant.
908 603 975 668 Nec
1004 603 1170 687 Virgilius,
1204 605 1302 670 bomo

79 701 279 767 castissimus
301 706 335 766 et
351 703 581 783 sanctissimus,
601 725 720 788 pravos
732 704 938 788 popularium
954 725 1059 770 mores
1071 726 1174 791 aequo
1193 709 1301 774 animo

79 805 260 888 spectabat,
284 805 342 872 sed
366 808 409 872 ad
431 807 529 873 decus
550 829 605 875 eos
621 815 654 875 et
670 810 824 875 virtutem
837 808 1035 875 carminibus
1048 811 1116 874 suis
1136 810 1302 876 excitabat

81 914 280 991 conatusque
301 915 351 976 est
374 918 407 976 et
429 911 596 996 Georgicis
617 917 649 979 et
668 913 809 978 Aeneide
826 913 994 997 antiquam
1011 912 1165 979 reducere
1175 935 1301 979 morum

79 1009 286 1092 probitatem.
329 1012 413 1077 Nam
435 1033 517 1096 agro
538 1013 672 1079 colendo
693 1013 829 1079 Romani
850 1019 884 1079 et
903 1013 1071 1080 robustum
1092 1037 1210 1100 corpus
1234 1037 1300 1082 ser·

77 1120 239 1193 reserant,
259 1113 353 1180 bellis
372 1114 460 1195 utile,
483 1119 517 1180 et
535 1116 766 1198 parsimoniam
790 1135 964 1199 omnesque
979 1115 1115 1182 virtutes
1134 1117 1301 1183 coluerant

78 1234 164 1296 quae
184 1216 252 1280 eius
275 1216 409 1281 comites
427 1235 497 1281 csse
519 1216 632 1281 solent.
676 1217 783 1295 Quare
804 1238 904 1301 quum
931 1217 1131 1302 agricultura
1156 1220 1221 1285 iam
1243 1219 1300 1284 diu

77 1324 343 1397 contemneretur,
357 1316 450 1383 bellis
461 1324 570 1384 autem
581 1318 727 1384 civilibus
737 1321 904 1402 ageradeo
915 1326 1001 1386 esset
1010 1319 1165 1401 desertus,
1176 1325 1214 1386 ut
1232 1321 1299 1385 iru-

79 1427 186 1488 mento
216 1444 256 1488 ex
287 1423 397 1488 Sicilia
426 1430 459 1488 et
484 1425 631 1509 Aegypto
658 1425 759 1490 allato
786 1424 925 1509 populus
950 1425 1114 1490 Romanus
1142 1425 1299 1516 aleretur3

78 1547 177 1607 quum
198 1525 378 1593 latifundiis
392 1528 528 1592 divitum
540 1549 699 1612 pauperes
717 1527 823 1594 coloni
844 1529 1066 1611 exigerentur3
1087 1548 1186 1610 quum
1207 1548 1299 1612 spor-

78 1627 156 1691 tulis
178 1627 288 1711 plebes
308 1629 461 1708 Romana,
478 1651 559 1712 quas
581 1650 602 1694 a
622 1629 809 1713 potentibus
830 1631 1005 1714 acciperet,
1038 1630 1072 1694 in
1091 1629 1173 1695 urbe
1200 1651 1299 1714 quam

78 1729 113 1793 in
133 1751 213 1812 agro
233 1729 381 1813 frugibus
406 1753 465 1796 suo
485 1730 599 1797 labore
627 1733 731 1817 partis
761 1732 872 1798 mallet
901 1731 1090 1798 sustentari:
1133 1733 1299 1816 Georgicis

79 1833 146 1898 suis
164 1833 320 1917 Virgilius
340 1837 412 1918 agri
433 1858 576 1902 amorem
599 1836 773 1925 revocabat
799 1843 832 1903 et
861 1838 948 1903 omni
977 1837 1086 1902 studio
1112 1842 1145 1900 et
1169 1835 1297 1919 ingenio

79 1935 252 2018 descripsit
269 1937 449 2019 arationes,
481 1939 639 2018 sationes,
676 1940 942 2018 stercorationes,
972 1937 1124 2004 arborum
1140 1945 1172 2004 et
1186 1939 1299 2004 vitium

79 2038 254 2117 culturam,
285 2059 437 2121 pecorum
470 2046 503 2105 ct
538 2041 649 2123 apium
676 2061 803 2119 curam3
845 2061 904 2104 nec
932 2045 1040 2104 tamen
1071 2040 1182 2121 attigit
1204 2039 1298 2104 villas

77 2142 152 2207 illas
174 2141 367 2225 splendidas,
389 2166 473 2227 quae
494 2145 664 2210 materiam
683 2142 840 2229 praebere
858 2143 1051 2208 videbantur
1072 2141 1174 2206 multo
1194 2142 1298 2223 aptio·

77 2268 154 2325 rem,
175 2267 279 2328 nequo
295 2254 397 2313 artem
409 2249 590 2332 topiariam,
612 2247 847 2331 nequeaviaria
860 2246 1004 2312 altilibus
1025 2244 1165 2314 cuiusvis
1173 2244 1298 2325 generis

77 2348 180 2430 plena.
223 2349 312 2414 Idem
332 2351 364 2415 11
386 2351 527 2416 Aeneide
545 2351 698 2415 Romanis
718 2350 889 2434 proposuit
912 2351 1071 2433 exempla,
1105 2348 1190 2415 unde
1211 2346 1299 2428 quod

78 2450 283 2515 imitarentur
304 2459 466 2536 caperent,
491 2454 577 2518 unde
597 2453 728 2519 foedum
749 2454 890 2537 inceptu,
909 2451 1038 2517 foedum
1049 2452 1137 2517 exitu
1148 2452 1297 2521 vitarent,

78 2551 202 2618 Deinde
222 2575 320 2637 quum
341 2556 463 2638 pietate
482 2557 515 2620 11
537 2556 615 2621 deos
635 2561 669 2621 et
687 2554 901 2633 observantia,
922 2555 1095 2620 sanctitate
1116 2572 1242 2618 morum
1265 2555 1298 2617 ct

80 2658 245 2736 castitate,
272 2675 372 2740 quum
393 2658 463 2722 iure
484 2662 516 2722 et
533 2678 637 2740 aequo
659 2656 807 2735 colendo,
832 2676 931 2738 quum
954 2655 1144 2721 fortitudine
1168 2660 1201 2720 et
1223 2675 1297 2719 con·

79 2759 200 2823 stantia
208 2759 343 2823 Romani
364 2758 406 2825 ad
425 2781 583 2824 summum
591 2780 698 2823 rerum
706 2759 872 2841 fastigium
893 2764 1000 2823 essent
1013 2759 1125 2837 evecti,
1144 2757 1297 2842 hasipsas

77 2862 214 2925 11111111
237 2882 275 2926 ex
293 2862 452 2926 maiorum
469 2861 567 2927 rebus
588 2862 686 2944 gestis
709 2859 963 2926 commendabat.
1007 2861 1060 2926 Sic
1079 2860 1149 2943 ipse
1163 2861 1297 2943 Aeneas,

79 2965 161 3030 divis
174 2969 274 3044 ortus,
293 2966 457 3049 exemplar
475 2971 524 3030 cst
542 2964 681 3029 hominis
693 2963 842 3027 Romani:
865 2962 937 3045 pius
949 2963 983 3026 in
998 2962 1075 3027 deos
1089 2969 1121 3027 et
1138 2968 1297 3046 parentes

79 3089 188 3147 sacra,
207 3068 433 3146 caerimonias,
453 3068 598 3150 auspicia
617 3066 819 3131 sanctissime
840 3063 934 3143 colit3
959 3063 1140 3146 intrepidus
1160 3064 1193 3128 in
1213 3062 1298 3146 peri-

80 3166 615 3237 11111111111111111111111111111
636 3166 816 3246 111111111;
836 3165 971 3247 insignis
993 3169 1042 3229 111
1052 3166 1172 3231 virtute
1194 3186 1297 3248 neque

77 3274 213 3341 inferior
233 3272 381 3352 Hectore,
403 3272 578 3336 fortissimo
600 3277 633 3336 et
653 3275 788 3355 propter
808 3267 1031 3334 fortitudinem
1052 3268 1101 3332 111
1122 3291 1143 3333 a
1164 3269 1297 3333 Graecis

78 3376 223 3443 laudato.
267 3374 390 3454 (Talem
410 3375 509 3439 fuisse
528 3376 669 3438 Aeneam
686 3374 785 3437 etiam
807 3392 846 3435 ex
859 3370 998 3435 Homero
1017 3377 1148 3453 poterat
1167 3373 1297 3437 demon·

79 3479 193 3556 strari,
232 3474 320 3558 apud
358 3497 453 3557 quem
478 3477 603 3540 Aeneas
635 3479 672 3539 ut
705 3475 784 3538 deus
820 3473 938 3537 colitur
965 3494 986 3537 a
1011 3473 1159 3538 Troianis
1189 3480 1223 3537 et
1246 3473 1297 3538 vel

80 3580 216 3647 Achillis
247 3600 308 3661 par
332 3578 470 3643 habetur
503 3578 708 3643 adversarius
728 3578 765 3643 ll.
787 3578 859 3658 XX,
890 3580 930 3639 75
956 3577 1039 3658 sqq.)
1084 3578 1150 3642 Nec
1188 3583 1297 3641 tamen

79 3682 253 3751 temeraria
275 3688 324 3748 est
342 3683 409 3746 eius
427 3681 600 3761 fortitudo,
639 3682 695 3746 sed
724 3687 761 3745 ut
789 3680 912 3745 strenui
940 3680 1067 3758 militis,
1099 3680 1146 3744 ita
1171 3678 1297 3763 providi

80 3789 172 3855 ducis
192 3786 300 3852 officia
318 3786 517 3867 exsequitur3
555 3783 669 3850 deinde
690 3783 764 3849 fidei
785 3783 882 3849 datae
902 3788 952 3848 est
970 3783 1226 3846 servantissimus
1247 3783 1298 3846 111

79 3894 238 3967 adversus,
261 3891 386 3968 hostes,
427 3894 596 3970 praeterea
625 3887 707 3952 bene
734 3886 774 3951 de
802 3886 868 3951 suis
889 3887 1021 3963 mereri,
1051 3885 1194 3964 laudari,
1226 3885 1297 3965 coli,

79 3996 172 4080 diligi
193 3995 371 4080 gloriosum
392 3996 496 4075 putat.
539 3991 592 4056 Sic
615 3995 713 4074 poeta
735 3989 901 4072 Georgicis
923 3989 1130 4067 domesticas,
1151 3988 1298 4072 publicas

80 4101 299 4164 Romanorum
319 4096 455 4160 virtutes
476 4094 616 4159 Aeneide
637 4091 831 4159 celebrabat.

168 4216 230 4283 Sed
250 4218 349 4282 etiam
371 4216 533 4282 delectare
551 4215 663 4279 111111
688 4220 812 4297 poetae.
855 4212 940 4291 Quid
967 4217 1091 4290 autem,
1117 4208 1298 4274 11111111-

79 4323 286 4390 lectabantur
304 4321 449 4399 Romani,
471 4340 569 4402 quum
587 4339 654 4382 rem
676 4319 729 4401 agi
751 4318 893 4399 legerent
914 4313 1163 4391 1111111111,11
1182 4311 1299 4392 quibus

78 4428 145 4513 ipsi
167 4426 395 4501 versabantur,
422 4444 521 4506 quum
543 4422 723 4498 nominum,
753 4440 893 4496 morum,
923 4419 1044 4482 rituum
1069 4421 1300 4496 cognoscerent

80 4531 241 4599 rationem
262 4534 295 4595 et
317 4525 494 4611 originem?
540 4523 660 4603 Quodsi
689 4544 761 4603 111,
802 4521 931 4605 quando
953 4517 1126 4585 Aeneidem
1155 4518 1299 4599 legimus,
