2856 4876
439 891 985 1029 PRAEFATIO.

109 1341 274 1434 Virgilius
295 1360 393 1434 poeta
411 1357 583 1435 Romanus,
603 1357 740 1440 Augusti
761 1354 919 1439 tempore,
937 1354 993 1437 qui
1011 1357 1087 1418 ante
1104 1350 1215 1416 oculos
1230 1347 1329 1414 habe·

105 1454 165 1520 bat
185 1456 306 1535 urbem,
328 1464 489 1526 terrarum
513 1462 684 1543 dominam,
711 1458 977 1546 splendidissimis
996 1452 1152 1522 aedificiis
1178 1457 1328 1517 ornatam

106 1564 139 1622 et
159 1559 246 1623 omni
267 1581 375 1625 rerum
398 1565 493 1648 copia
514 1563 681 1645 refertam,
718 1586 819 1647 quum
840 1583 957 1628 nomen
981 1561 1095 1645 populi
1116 1558 1252 1622 Romani
1277 1556 1327 1640 vel

106 1661 139 1723 in
161 1659 283 1724 ultimis
306 1663 403 1728 terris
432 1672 489 1729 aut
511 1688 583 1731 cum
605 1667 810 1731 veneratione
839 1670 896 1730 aut
918 1683 991 1728 cum
1014 1663 1131 1726 timore
1152 1661 1329 1747 audiretur,

106 1784 145 1827 ea
164 1762 403 1845 magnificentia
423 1767 513 1831 urbis
530 1774 563 1833 et
581 1769 709 1852 imperii
726 1767 947 1851 magnitudine
964 1763 1059 1829 facile
1071 1763 1178 1846 potuit
1197 1760 1329 1846 impelli,

106 1871 144 1929 ut
157 1861 234 1928 talis
248 1865 351 1946 gentis
370 1865 526 1948 originem
541 1869 727 1934 celebraret.
749 1868 872 1948 Quodsi
879 1865 1069 1944 Gibbonins,
1091 1864 1189 1929 homo
1203 1863 1329 1947 Anglus

106 1965 253 2047 reliquiis
271 1966 392 2031 Romae
412 1976 588 2034 commotus
604 1975 661 2050 est,
680 1976 718 2035 ut
732 1989 899 2034 senescens
913 1966 998 2031 tanti
1017 1966 1130 2050 populi
1151 1967 1237 2030 omni
1251 1987 1330 2031 cura

106 2073 140 2133 et
159 2068 310 2132 continuo
335 2067 449 2134 labore
476 2069 674 2136 describeret
702 2071 888 2155 imperium:
927 2067 1005 2151 quid
1031 2068 1164 2147 mirum,
1193 2069 1329 2133 Romani

106 2176 232 2254 poetae,
253 2171 389 2235 urentis
411 2171 444 2236 in
464 2171 544 2237 urbe
566 2193 749 2237 marmorea
766 2176 799 2237 et
823 2191 936 2250 aurea,
958 2168 1094 2235 florente
1112 2168 1258 2253 imperio,
1280 2171 1328 2234 in-

105 2292 234 2336 censum
256 2291 325 2336 esse
349 2273 507 2353 animum,
543 2280 580 2338 ut
606 2274 701 2338 initia
730 2273 820 2338 urbis
843 2275 1013 2356 auspicata
1035 2276 1068 2336 et
1091 2292 1112 2335 a
1130 2272 1192 2337 diis
1214 2278 1329 2338 curata

105 2376 330 2459 explicaret1).
374 2375 437 2440 Sed
458 2376 513 2457 qui
535 2396 665 2440 carmen
687 2376 814 2459 epicum
837 2373 1017 2455 scribebat,
1056 2394 1120 2456 quo
1144 2375 1256 2457 populi
1278 2375 1328 2439 sui

104 2480 282 2564 primordia
303 2479 493 2559 illustraret,
513 2480 553 2544 iis
574 2481 634 2544 niti
648 2478 796 2560 debebat,
820 2500 904 2564 quae
923 2501 945 2544 a
956 2479 1078 2563 populo
1100 2479 1172 2562 ipso
1193 2482 1329 2542 narrata

106 2589 199 2647 erant
227 2590 260 2647 et
289 2588 432 2666 accepta.
476 2584 610 2648 Poterat
639 2582 770 2667 quidem
797 2604 881 2667 quae
905 2581 1028 2647 tradita
1052 2587 1145 2646 eraut
1170 2602 1327 2647 exornare

106 2688 163 2747 aut
191 2704 278 2747 nova
306 2685 432 2748 ratione
463 2685 630 2768 copulare,
658 2706 722 2768 qua
746 2685 940 2750 sententiam
961 2704 1058 2766 quam
1082 2682 1123 2748 dc
1145 2683 1241 2748 rebus
1263 2684 1329 2749 illis

105 2794 296 2871 conceperat
331 2787 527 2866 declararet,
567 2809 626 2852 nec
659 2794 768 2853 tamen
804 2785 924 2868 fingere
958 2787 1066 2850 omnia
1097 2792 1156 2850 aut
1183 2787 1330 2852 inaudita

105 2891 250 2974 proferre
272 2890 391 2955 licebat
412 2891 450 2970 ei,
468 2891 524 2974 qui
543 2911 603 2955 sua
621 2895 654 2956 et
668 2891 756 2956 credi
771 2888 901 2954 volebat
917 2894 950 2952 et
969 2889 1111 2971 probari.
1155 2889 1249 2968 Quod
1262 2912 1327 2956 non

105 2993 283 3075 neglexisse
309 2992 478 3075 Virgilium
515 2991 611 3058 facile
648 2992 802 3059 videmus.
846 2989 933 3055 Illud
961 2991 1047 3056 euim
1078 2990 1167 3072 quod
1192 2994 1328 3059 Romam

113 3154 224 3162 ...σω-..ς-
232 3156 266 3161 ·-.-
274 3155 514 3163 ...ψ’-...οη-

191 3254 215 3316 ¹)
234 3253 305 3302 llaec
325 3266 417 3303 caussa
433 3254 497 3303 satis
516 3250 611 3301 idonea
629 3259 683 3315 est,
713 3257 743 3300 ut
763 3264 816 3299 non
845 3247 1053 3314 confugiendum
1074 3249 1109 3297 sit
1127 3248 1159 3299 ad
1178 3248 1250 3300 illam
1269 3265 1328 3301 uar-

104 3335 247 3395 rationem‚
281 3350 333 3400 qua
350 3334 383 3385 ab
400 3336 521 3402 Augusto
542 3334 669 3399 Virgilius
686 3334 817 3384 adductus
839 3345 898 3383 esse
923 3331 1032 3393 dicitur,
1061 3338 1091 3382 ut
1118 3348 1223 3385 carmen
1248 3350 1327 3386 suum

77 3460 81 3469 .
104 3419 237 3470 scriberet.
273 3422 330 3471 Non
350 3436 416 3487 nego
433 3422 630 3488 grammaticum
650 3421 738 3486 aliqua
760 3434 790 3470 ex
808 3426 881 3484 parte
899 3432 958 3468 vera
982 3417 1136 3481 tradidisse,
1166 3421 1213 3472 sed
1239 3436 1268 3472 ca
1295 3423 1327 3474 ad

105 3503 245 3566 Virgilium
268 3504 441 3557 iudicandum
465 3505 610 3572 quidquam
635 3505 719 3557 valere
742 3519 817 3570 nego.
852 3505 980 3569 Georgica
997 3505 1161 3569 Maecenate,
1184 3506 1327 3558 Aeneidem

104 3584 228 3650 Augusto
247 3593 353 3640 auctore
371 3589 464 3641 iecisse
481 3589 587 3652 dicitur,
618 3596 649 3639 ut
672 3589 706 3640 ad
734 3589 847 3639 carmina
870 3588 1008 3653 pangenda
1034 3602 1088 3638 non
1107 3603 1155 3640 sua
1174 3590 1222 3641 sed
1242 3592 1327 3645 atiena

102 3671 234 3721 uoluntate
254 3677 355 3732 motus,
376 3682 406 3723 ut
424 3675 504 3723 totius
522 3687 603 3739 paene
621 3673 688 3724 ritae
707 3673 823 3724 laborem
838 3672 872 3723 ad
888 3673 1000 3723 aliorum
1018 3673 1092 3724 iussa
1111 3676 1327 3728 accommodasse

104 3757 230 3808 uideatur.
268 3757 346 3820 Quod
377 3757 493 3824 plerique
524 3766 601 3826 poeta
627 3759 758 3826 putabunt
785 3773 843 3810 esse
880 3759 1027 3825 indignum.
1064 3759 1114 3811 Sed
1147 3762 1226 3812 etiarn
1257 3776 1328 3814 nuuc

106 3843 253 3909 pictoribus
271 3843 410 3895 traduntur
427 3859 468 3895 res
488 3860 554 3912 quas
572 3847 694 3913 pingant,
720 3860 806 3912 neque
824 3852 911 3896 tamen
929 3847 1069 3913 quisquam
1088 3861 1169 3897 ausus
1189 3853 1229 3898 est
1250 3846 1327 3898 ilium

105 3929 150 3992 qui
168 3929 275 3979 tradidit
299 3941 358 3979 curu
384 3942 414 3980 eo
439 3929 485 3995 qui
503 3930 586 3994 pinxit
608 3944 764 3996 comparare.
800 3928 852 3980 Sed
878 3936 1035 3981 natantum
1062 3931 1169 3996 quidem
1188 3932 1328 3998 Augustus

105 4015 216 4066 Aeneidi
233 4015 335 4078 attulit,
360 4023 389 4067 ut
403 4017 527 4068 carminis
546 4017 620 4069 daret
639 4023 832 4083 argumentum.
868 4018 937 4068 Suus
954 4018 1025 4068 cuim
1042 4020 1066 4070 is
1085 4019 1190 4081 laudes,
1218 4031 1327 4067 suarum

104 4115 192 4151 rerum
211 4101 385 4152 narrationem
412 4108 438 4152 et
459 4101 681 4168 praedicationem
700 4101 878 4168 exspectabat,
908 4116 961 4152 uon
988 4103 1020 4153 dc
1045 4104 1153 4169 antique
1175 4103 1221 4154 iilo
1238 4100 1328 4152 Aenea

103 4184 241 4250 cogebat,
259 4185 305 4252 qui
323 4187 447 4237 carminis
466 4185 563 4252 primas
581 4195 668 4254 partes
685 4193 782 4250 ageret.
818 4189 909 4252 ltaque
927 4187 1031 4238 Aeneae
1051 4188 1103 4239 feta
1115 4186 1231 4239 Aeneide
1243 4200 1327 4253 quum

102 4270 231 4322 scriberet
247 4268 382 4336 Virgilius,
398 4278 424 4321 et
446 4268 520 4321 aliud
538 4285 616 4335 quam
636 4269 707 4335 quod
725 4269 863 4335 Augustus
882 4278 1074 4335 exspectaverat
1092 4272 1154 4323 iecit
1169 4285 1283 4337 carmen,
1302 4279 1329 4323 et

102 4355 155 4407 tale
175 4355 250 4416 iecit,
277 4359 352 4408 cuins
372 4362 555 4421 argumentum
574 4370 659 4422 neque
682 4356 750 4408 alius
774 4357 826 4409 nisi
850 4358 895 4421 qui
918 4357 975 4423 ipse
999 4365 1054 4408 erat
1074 4365 1151 4423 poeta
1173 4357 1246 4418 dare,
1279 4373 1327 4410 nec

103 4441 231 4506 Virgilius
249 4439 367 4492 excolere
386 4447 412 4490 ct
430 4454 476 4505 per
496 4447 581 4492 totum
600 4455 705 4494 carmen
723 4449 811 4493 waere
830 4446 944 4507 poterat,
963 4440 1016 4490 uisi
1035 4444 1093 4508 ipse
1109 4443 1259 4494 inuenerat.
