2856 4876
79 205 112 246 Π
588 205 796 259 innatare.

79 373 191 441 urbem
209 376 342 460 eiusque
360 378 530 460 imperium
548 397 613 441 nou
633 376 702 441 sine
715 375 846 441 numine
859 375 965 442 divom
980 381 1154 460 tantopere
1163 375 1303 441 crevisse

81 479 318 560 arbitrabatur,
345 500 455 546 omues
476 477 735 545 assentiebantur
754 479 906 557 Romani,
940 479 996 561 qui
1022 478 1072 543 sui
1099 478 1211 562 populi
1233 478 1303 544 fata

82 585 207 648 maiora
224 604 293 648 esse
312 582 460 648 omnibus
479 581 627 665 gentibus
642 581 811 664 putabant.
832 584 939 664 Atque
959 582 1040 648 haec
1063 602 1119 648 eos
1142 582 1304 648 sententia

82 685 218 768 impulit,
237 690 274 748 ut
295 704 354 768 pro
376 685 484 768 patria
504 704 645 748 summos
663 683 863 767 susciperent
884 683 1021 764 labores,
1040 706 1106 751 non
1128 684 1304 752 deficerent

82 789 116 853 in
133 788 283 872 periculis
306 792 338 852 et
359 786 529 870 imperium
550 787 786 851 constituerent
806 806 908 869 usque
934 784 978 851 ad
1003 792 1166 853 extremas
1191 793 1304 871 gentes

83 899 306 976 propagatum.
350 891 462 975 Neque
471 891 574 956 solum
587 891 696 956 omnia
712 912 772 974 pro
793 889 960 972 republica
972 891 1102 971 audere,
1125 889 1182 956 sed
1203 891 1304 956 etiam

83 994 239 1078 quidquid
259 993 303 1060 ad
324 993 414 1058 urbis
438 998 471 1058 et
487 992 592 1076 gentis
614 991 892 1076 praedicationem
914 992 1116 1073 conferebat,
1144 1014 1204 1077 pro
1225 1014 1302 1059 vero

84 1119 122 1162 ac
140 1103 228 1162 certo
247 1097 395 1180 accipere
415 1115 479 1160 non
500 1093 703 1160 dubitabant
732 1093 817 1160 Urbs
839 1095 931 1175 enim,
952 1117 1036 1181 quae
1059 1102 1153 1162 tanta
1172 1101 1304 1181 ceperat

83 1202 294 1279 incrementa,
331 1197 431 1262 etiam
469 1196 646 1262 maioribus
681 1197 836 1279 auspiciis
867 1199 1000 1265 condita
1029 1221 1099 1266 esse
1124 1199 1304 1265 videbatur.

84 1303 199 1386 Itaque
219 1300 313 1365 simul
333 1304 432 1382 atquc
444 1299 547 1364 Roma
567 1305 682 1383 potens
702 1297 792 1364 iacta
813 1304 876 1380 est,
893 1301 959 1367 iam
980 1302 1083 1367 multo
1104 1308 1188 1383 ante,
1207 1324 1305 1386 quam

86 1426 212 1470 omnem
240 1408 402 1468 terrarum
435 1402 546 1467 orbern
579 1401 754 1482 devicerat,
791 1423 856 1468 uon
892 1402 1064 1469 defuerunt
1092 1405 1304 1471 narrationes.

87 1508 204 1592 quibus
221 1506 329 1571 divina
348 1505 458 1589 aliqua
476 1505 567 1588 origo
586 1503 661 1569 urbi
682 1503 896 1570 tribuebatur.
939 1506 1010 1572 Hae
1032 1506 1163 1572 fabulae
1185 1509 1302 1573 sensim

87 1609 234 1676 excultae
254 1609 337 1673 etin
355 1613 479 1673 certum
499 1606 643 1671 ordinem
662 1606 814 1674 redactae
834 1613 872 1673 ut
892 1630 944 1674 res
965 1630 1040 1674 rere
1062 1615 1172 1693 gestae
1193 1610 1303 1676 trade-

86 1714 221 1791 bantur,
258 1731 317 1775 nec
344 1708 413 1774 fere
436 1709 607 1792 quisquam
634 1708 674 1773 de
699 1709 740 1774 iis
769 1709 940 1776 dubitabat
962 1717 1020 1776 aut
1041 1718 1129 1777 certe
1151 1711 1301 1778 dubitan-

87 1816 165 1880 dum
198 1834 266 1879 esse
293 1810 507 1878 existimabat.
551 1811 638 1891 Quas
671 1816 799 1877 secutus
836 1813 1039 1879 narrationes
1065 1814 1221 1898 Virgilius
1254 1815 1303 1879 ita

88 1917 281 2001 composuit,
315 1923 351 1982 ut
375 1915 483 1981 dimna
507 1914 566 1981 illa
592 1913 814 1980 incendendo
841 1921 874 1981 et
901 1917 1059 1982 servando
1081 1917 1201 2002 populo
1228 1936 1302 2001 pro·

87 2019 229 2086 ridentia
249 2022 431 2104 appareret.
454 2057 496 2067 -
516 2017 545 2082 A
564 2017 640 2083 Iove
656 2017 764 2102 igitir,
784 2038 907 2083 summo
925 2018 995 2100 deo,
1015 2020 1215 2087 conditorem
1235 2022 1305 2086 eius

88 2126 205 2209 gentis,
244 2123 296 2188 cui
316 2126 401 2188 esset
417 2120 507 2187 orbis
527 2119 713 2203 imperium,
742 2125 849 2185 ortum
871 2140 940 2186 esse
960 2142 1089 2188 necesse
1117 2128 1204 2203 erat;
1245 2141 1305 2186 nec

87 2229 191 2292 minus
210 2226 302 2291 locus
326 2225 382 2309 qni
399 2223 491 2288 sedes
513 2228 598 2288 esset
616 2222 753 2305 imperii,
776 2243 815 2286 ex
836 2221 905 2288 fato
928 2229 1001 2290 erat
1020 2227 1222 2292 constitutus.
1261 2225 1306 2289 At

87 2332 196 2417 patria
223 2337 314 2395 terra
336 2324 452 2390 relicta
486 2321 659 2388 Dardanus
685 2323 802 2388 Troiae
831 2331 958 2408 gentem
986 2348 1077 2394 suam
1101 2328 1305 2415 propagarit.

88 2435 205 2514 ltaque
242 2425 414 2494 revocandi
449 2429 543 2489 erant
573 2422 741 2488 Dardanii.
782 2425 852 2491 Iam
884 2448 960 2494 vero
992 2451 1090 2514 quum
1131 2452 1209 2516 gens
1241 2452 1307 2495 non

87 2540 209 2620 pereat,
222 2529 358 2597 nisisuis
373 2545 502 2612 <quoque
514 2525 587 2608 ipsa
600 2523 732 2608 flagitiis
747 2529 983 2611 pessumdatur,
1005 2533 1104 2597 etiarn
1118 2533 1307 2598 inTroianis

89 2635 259 2711 exstitere,
298 2630 355 2714 qui
380 2625 555 2694 sceleribus
582 2627 650 2692 suis
687 2627 799 2694 urbem
833 2631 1014 2714 perderent.
1056 2636 1241 2701 Laomedon
1273 2640 1306 2700 et

89 2738 181 2803 Paris
201 2735 278 2800 deos
301 2729 580 2810 exacerbaverant,
599 2729 809 2815 Priamusque
825 2754 864 2798 ac
880 2739 952 2801 tota
972 2737 1040 2802 eius
1053 2737 1166 2803 domus
1184 2737 1308 2804 interiit

90 2846 122 2907 et
150 2861 209 2906 suo
234 2837 367 2904 interitu
396 2833 473 2900 deos
493 2830 674 2916 placabant
719 2833 781 2900 Sed
800 2833 907 2903 deleta
931 2859 953 2903 a
972 2838 1104 2906 Graecis
1125 2841 1221 2906 Troia
1241 2863 1306 2906 ser-

88 2950 183 3009 vatur
206 2942 268 3006 diis
296 2942 433 3022 accepta
459 2957 535 3020 gens
553 2936 728 3017 Anchisae3
768 2939 894 3006 Aeneas
920 2962 993 3008 oum
1015 2947 1081 3011 suis
1105 2945 1141 3011 iu
1165 2947 1307 3031 patriam

89 3046 158 3113 fato
176 3045 319 3110 debitam
344 3040 566 3122 revertitur.²)
612 3039 658 3106 Cf.
679 3039 722 3104 ad
745 3045 792 3121 ll,
815 3046 886 3107 243.

176 3147 240 3214 Sed
261 3142 478 3230 praevalentis
495 3141 606 3225 populi
632 3142 806 3208 mesiam
835 3164 870 3209 se
898 3144 990 3228 ipsae
1014 3148 1239 3231 conficiebant,
1275 3155 1307 3216 et

91 3250 224 3318 divitiae
244 3247 424 3327 aramtiam,
446 3250 479 3310 et
498 3244 699 3311 abundantes
707 3246 892 3332 voluptates
912 3247 1106 3316 desiderium
1120 3274 1180 3337 per
1196 3253 1306 3320 luxum

92 3412 216 3420 ——..---
222 3406 496 3418 -ρ--Μ

179 3512 207 3575 ⁸)
226 3511 360 3572 Quantum
377 3505 504 3571 Virgilius
521 3504 618 3555 Naevio
636 3502 736 3570 debeat,
753 3522 838 3574 neque
854 3523 883 3559 er
901 3509 1055 3575 fragmentis
1068 3523 1135 3573 quae
1153 3518 1307 3580 supersunt,
1330 3562 1333 3567 ,

90 3610 177 3663 neque
195 3611 224 3646 er
244 3594 325 3647 Servii
344 3600 370 3644 et
387 3591 515 3645 Macrobii
538 3589 731 3643 narrationibus
751 3593 816 3645 satis
836 3601 925 3660 potest
947 3594 1078 3647 decimari.
1113 3597 1226 3648 Tantum
1245 3612 1305 3649 raro

91 3687 180 3747 potest
196 3678 320 3743 intelligi,
341 3680 466 3730 Naevium
485 3692 539 3728 uon
561 3691 592 3728 eo
611 3677 689 3728 modo
710 3693 763 3743 quo
787 3678 872 3730 iunxit
891 3679 1015 3745 Virgilius
1032 3693 1073 3732 res
1091 3682 1160 3732 iuter
1177 3695 1207 3733 sa
1226 3694 1305 3747 copu-

91 3766 166 3817 lasse.
203 3764 305 3815 Deinde
322 3770 439 3831 apparet,
461 3778 515 3815 uon
538 3762 631 3815 obesse
654 3771 759 3831 poetae,
777 3763 848 3830 quod
864 3766 994 3817 monitum
1012 3773 1052 3818 est
1071 3767 1183 3831 (titillor
1199 3768 1253 3816 Etr.
1270 3767 1304 3822 li,

91 3867 116 3918 p.
136 3853 186 3902 2ἵὸ
208 3852 292 3915 sqq),
315 3850 347 3901 de
369 3849 480 3916 Corytho
509 3847 624 3900 fabulam
652 3851 752 3916 Tegeae
776 3856 858 3900 ortam
884 3850 963 3901 rideri
983 3850 1028 3916 (ci.
1053 3852 1141 3919 Apoll.
1158 3852 1209 3910 lll,
1229 3851 1256 3913 9,
1282 3853 1304 3901 i.

90 3937 169 3989 Diod.
188 3937 231 3997 lv,
248 3936 313 3998 33.);
329 3935 374 3986 ubi
392 3936 468 3985 etiam
485 3936 635 3987 Dardanum
653 3937 735 3988 luisse
752 3950 835 4000 quum
854 3944 1002 3987 narraretur
1021 3936 1097 3988 iacile
1116 3936 1235 4003 potuisse
1254 3935 1304 3986 Co-

89 4023 193 4089 rythum
212 4030 238 4073 et
254 4020 404 4073 Dardanum
418 4022 559 4087 coniungi,·
583 4029 674 4088 postea
696 4028 793 4079 autem
814 4035 896 4085 quarn
914 4023 1012 4074 Rornae
1031 4022 1144 4073 Troiana
1160 4019 1234 4084 origo
1250 4020 1303 4070 iam

90 4109 255 4167 crederetur,
276 4107 417 4172 Corythum
435 4107 561 4159 etiamad
580 4109 720 4159 Cortonam
738 4107 846 4158 relatam
865 4106 961 4168 luisse,
993 4108 1065 4160 nulla
1083 4106 1132 4159 alia
1150 4105 1182 4157 de
1199 4119 1304 4167 caussa,

91 4209 170 4260 quam
194 4194 265 4259 quod
288 4193 374 4256 aliqua
397 4193 574 4245 intercesserit
596 4195 734 4244 nominum
761 4191 914 4243 similitudo.
950 4195 1002 4245 Nec
1026 4209 1093 4258 quae
1122 4192 1187 4243 aliae
1215 4199 1305 4242 nostro

89 4286 209 4345 tempore
228 4279 260 4329 de
275 4280 385 4329 Troiana
402 4279 500 4329 lioruae
518 4278 620 4343 origine
638 4278 754 4345 prolatae
770 4285 834 4330 suut
851 4279 998 4331 sententiae
1013 4286 1039 4330 et
1055 4279 1251 4345 explicationes,
1271 4278 1304 4329 ad

90 4371 194 4427 poetam
213 4364 381 4415 iudicandum
400 4364 493 4414 valent.
530 4366 583 4414 Nec
604 4371 694 4430 poetae
712 4372 779 4424 erat,
805 4379 873 4429 quaa
891 4378 933 4414 res
952 4365 1055 4416 fabulae
1080 4366 1158 4418 alicui
1182 4365 1307 4417 subesset

89 4451 235 4512 exquirere,
255 4450 301 4502 scd
319 4464 363 4500 cas
380 4448 457 4512 elegit
474 4450 647 4513 narrationes,
667 4463 733 4514 quae
752 4449 920 4515 potissimum
936 4449 1123 4514 credebantur,
1145 4465 1213 4517 quae
1231 4457 1306 4502 eraut

85 4530 286 4600 pulcherrimas,
299 4549 367 4600 quae
384 4543 458 4585 erant
475 4534 557 4586 totius
574 4536 697 4586 carminis
714 4535 824 4588 consilio
840 4535 1001 4603 aptissimae.
