2856 4876
165 151 209 192 Β
666 144 869 198 menstruo.

168 341 306 402 sunere,
341 321 377 386 in
396 339 460 404 qus
485 323 615 405 poetam
638 314 682 383 sd
708 314 877 400 pristinam
901 317 935 378 et
959 313 1179 396 incorruptam
1200 311 1380 396 orthogra-

168 425 278 508 phiam
301 424 452 489 reducere
471 443 505 488 se
527 421 685 506 gloriatus
705 423 762 498 est,
786 417 968 500 scripsisset
996 415 1166 500 Vergilium,
1186 415 1220 480 iu
1245 418 1292 483 od.
1314 422 1380 486 mi-

169 547 255 606 nore,
273 525 307 591 in
335 546 400 608 qun
421 524 559 610 probare
585 521 691 589 udhuc
719 541 753 585 se
785 519 940 604 Vergilium
965 516 1146 597 confimat,
1170 521 1277 602 pergit
1302 522 1381 606 ipse

169 629 219 707 „iu
238 628 299 692 huc
318 627 442 711 quidem
460 625 599 693 editione
615 624 664 690 uti
683 643 748 688 non
767 643 838 687 sum
856 640 961 700 ausus,
983 620 1211 704 circumspecto
1231 623 1380 705 pruden-

169 731 284 796 tissimi
303 729 524 813 ltedemptoris
548 726 668 794 iudicio
693 725 890 791 obsecutus.“
933 723 1021 801 Quae
1046 723 1165 788 talibus
1192 727 1380 797 rationibus

171 833 256 904 cedit
293 832 451 897 sententie
492 831 547 896 vix
581 828 696 894 nititur
738 825 839 891 firmis
879 826 1083 909 argumentis.
1147 828 1253 912 Atque
1291 829 1380 898 haee

171 934 300 1018 scriptio
346 933 489 1019 Vergilius
527 931 722 1015 Wagnerum
765 928 859 994 docet
891 928 1039 994 vocabuli
1071 929 1240 1012 originem,
1281 955 1379 1022 verpe

170 1037 266 1115 enim,
288 1035 400 1115 work,
425 1055 495 1100 esse
516 1055 627 1101 vocem
648 1033 817 1112 Celticum,
841 1037 879 1098 ut
894 1030 1064 1114 Virgilium
1083 1031 1202 1097 dictum
1223 1053 1292 1098 esse
1314 1035 1379 1102 ho-

169 1139 286 1204 minem
306 1138 462 1204 rusticum
478 1143 645 1223 appareat.
656 1136 686 1219 8)
729 1136 798 1200 Iam
821 1135 936 1199 mirum
957 1155 1023 1199 non
1039 1138 1095 1214 est.
1118 1137 1145 1201 si
1166 1138 1263 1201 etism
1284 1140 1378 1206 Maro

168 1249 219 1307 est
239 1240 396 1307 Celticum
406 1240 447 1324 ⁴).
466 1277 509 1288 -
529 1239 641 1324 Hagen
651 1236 737 1303 Ihrb.
750 1240 829 1302 1867
839 1258 869 1320 p.
880 1241 942 1303 606
962 1225 1078 1301 nomen
1091 1238 1245 1323 Virgilium
1262 1247 1378 1308 natum

170 1365 240 1409 esse
261 1343 358 1408 sumit
378 1341 506 1408 saeculo
522 1362 620 1419 nono,
651 1345 684 1407 et
708 1340 742 1405 in
770 1338 899 1405 scholiis
920 1337 1133 1406 Bonnensibus
1148 1341 1181 1406 in
1203 1343 1270 1408 ritu
1292 1366 1380 1429 quse

171 1445 272 1510 iniis
299 1445 421 1528 scriptu
445 1450 494 1511 est
517 1445 633 1529 Virgilii
658 1461 773 1507 nomeu
801 1439 914 1506 deduci
945 1447 1003 1508 eut
1032 1445 1163 1529 scirpo
1188 1449 1245 1510 sut
1273 1467 1377 1515 oca.

174 1548 301 1632 (ltaque
321 1552 458 1630 utreque
477 1547 639 1631 scripturn
654 1549 687 1610 et
705 1544 771 1608 ini
787 1547 821 1608 et
833 1543 868 1607 in
889 1550 998 1610 euots
1015 1550 1086 1610 eret
1104 1545 1134 1610 ei
1153 1547 1209 1629 qui
1222 1553 1376 1636 scripsit)

174 1649 264 1714 Idem
310 1669 409 1732 quum
452 1669 561 1714 rerum
607 1668 722 1713 nomeu
761 1651 846 1711 esset
872 1646 1043 1729 Vergilius,
1085 1647 1212 1732 Virgilii
1258 1673 1374 1718 nomen

175 1757 287 1816 natum
307 1771 377 1817 esse
397 1749 476 1816 dicit
493 1771 514 1814 u
532 1749 692 1816 Parthenio
714 1749 873 1828 Suetonii,
901 1770 1063 1833 uunquam
1092 1757 1198 1817 eutem
1219 1756 1368 1837 scriptum

176 1875 245 1919 esse
270 1876 357 1939 verpe
376 1853 434 1919 sed
449 1855 542 1941 oripo.
574 1851 695 1919 Contra
721 1853 820 1917 sentit
846 1851 969 1917 Ritschl
994 1855 1078 1938 os‘rpc
1100 1853 1141 1918 sb
1162 1855 1254 1921 initio
1276 1854 1369 1920 tuisse

175 1979 271 2041 verpe.
315 1957 376 2035 Qui
394 1978 492 2041 quum
513 1975 599 2022 suno
622 1958 703 2021 1868
723 1954 859 2019 miratus
876 1959 968 2034 esset,
987 1956 1075 2039 quod
1092 1957 1260 2041 quisquam
1274 1958 1374 2024 nollet

174 2060 318 2142 accipere
350 2060 519 2146 Vergilium,
554 2077 640 2125 unno
670 2060 750 2122 1869
775 2057 810 2122 in
838 2057 1004 2139 Philologo
1032 2080 1063 2141 p.
1089 2065 1145 2123 141
1173 2061 1269 2125 alius:
1307 2061 1377 2141 „ob

173 2163 276 2246 Virgil
294 2162 373 2228 oder
394 2162 504 2245 Vergil
523 2161 642 2243 richtig
662 2160 724 2239 sei,
752 2160 797 2225 ist
822 2160 993 2242 eigeutlieh
1013 2159 1096 2224 noch
1112 2161 1225 2228 immor
1240 2165 1379 2249 streitig‚

175 2265 216 2328 ob
242 2265 325 2328 wohl
349 2263 430 2328 risle
455 2263 507 2328 die
530 2264 634 2345 Frage
672 2260 724 2325 tiir
755 2261 958 2326 ontschieden
993 2262 1151 2328 orechten.
1194 2267 1281 2331 Gsnz
1307 2289 1382 2334 rer-

177 2364 302 2446 geblioh
330 2363 409 2428 eber
446 2363 541 2429 sucht
571 2383 647 2427 mun
674 2361 758 2427 nech
786 2363 947 2428 Auskunft
977 2364 1057 2430 iiber
1085 2365 1144 2432 dss
1178 2369 1382 2439 Verh's'ltniss

177 2464 286 2530 beiden
304 2466 441 2530 Formen
460 2485 500 2529 zu
519 2463 688 2529 einander:
705 2462 771 2527 und
791 2463 873 2529 doch
892 2465 936 2530 ist
953 2465 1004 2531 die
1022 2467 1123 2534 Seche
1143 2492 1223 2554 genu
1242 2475 1382 2543 eiufech.

178 2568 253 2631 Men
270 2566 387 2649 sprsch
406 2565 470 2631 und
497 2565 622 2631 snhrieb
648 2566 775 2631 sllezeit
800 2568 899 2651 sirpo,
928 2569 1059 2653 oirpoic,
1085 2575 1258 2659 virgultum,
1283 2581 1382 2663 vi'rpo,

179 2669 279 2733 daher
299 2667 370 2733 siud
398 2667 481 2734 such
509 2668 648 2754 Virgilius
677 2669 756 2733 oder
782 2670 933 2755 Virpinim
958 2672 1006 2736 uls
1036 2672 1088 2738 die
1112 2680 1383 2762 urspriiuglicheu

180 2772 313 2835 i'ormen
333 2791 371 2834 zu
388 2768 589 2835 betrachten:
613 2770 692 2837 aber
710 2771 879 2855 friihzeitig
896 2773 1063 2858 gelungten
1084 2776 1155 2842 hier
1172 2780 1222 2845 die
1244 2783 1269 2845 F
1270 2804 1383 2851 ormen

188 2874 328 2957 Vergilius
349 2870 413 2936 uud
431 2871 582 2957 Verginius
601 2894 657 2938 zur
678 2873 824 2956 Geltuug‚
852 2875 921 2939 weil
939 2898 1013 2941 msn
1033 2900 1075 2942 sn
1094 2879 1151 2945 der
1171 2882 1382 2969 dreimsligen

180 2973 427 3057 Wiederholung
454 2973 510 3039 des
530 2974 646 3040 Vocols
671 2975 683 3039 i
710 2978 845 3040 Anstoss
868 2977 991 3041 nahm.“
1033 2979 1093 3044 Est
1118 2984 1217 3066 igitur
1242 2987 1382 3056 dissimi-

179 3078 267 3142 lstio.
306 3078 349 3142 At
368 3076 402 3140 iu
415 3078 502 3141 'voce
524 3077 676 3141 ds'ssimilis
699 3078 713 3140 i
736 3077 819 3142 redit
854 3082 982 3161 quater!
1024 3083 1137 3166 Itaque
1162 3088 1303 3153 ridemus
1325 3113 1383 3159 eos

181 3181 235 3261 qui
260 3178 397 3261 probent
422 3180 561 3264 Vergilius
583 3179 715 3244 diversis
737 3180 839 3245 modis
859 3181 1028 3250 defendere
1048 3192 1080 3252 et
1099 3190 1259 3271 explicere
1279 3216 1384 3278 neque

181 3289 301 3347 certum
318 3280 395 3364 quid
417 3302 512 3365 posse
532 3280 655 3346 efferre.
1066 3359 1068 3362 .

266 3387 333 3449 Iam
354 3405 428 3449 vero
447 3383 488 3451 ab
510 3384 757 3450 auctoritatibus
777 3391 976 3453 transeamus
998 3390 1039 3454 ed
1066 3394 1221 3473 rationes,
1259 3402 1292 3460 et
1317 3399 1384 3463 for·

181 3510 264 3551 mam
300 3489 452 3572 Vergilium
476 3508 517 3551 ne
542 3485 662 3554 firmari
692 3488 821 3570 quidem
847 3510 940 3572 posse
971 3494 1065 3559 certis
1096 3497 1225 3578 scriptis
1251 3497 1384 3564 demon-

289 3664 318 3669 .,..
328 3664 332 3668 .
343 3662 581 3670 ῶυ---ι-...η--ι-

266 3762 294 3820 ³)
313 3760 351 3810 Cf.
374 3760 459 3811 Gliick
482 3760 523 3811 dle
546 3759 588 3811 bei
611 3761 639 3812 C.
662 3760 749 3812 Julius
765 3761 858 3811 Cossu
876 3763 1092 3819 vorlommeuden
1115 3768 1256 3819 celtischru
1274 3771 1384 3821 Nsureu.

183 3844 314 3896 Mdncben
334 3846 406 3897 1857.

270 3933 294 3992 ⁴)
313 3932 361 3994 „lu
379 3929 565 3995 Erwlcderuug
581 3931 668 3982 scinci·
686 3929 744 3993 (lh.
765 3932 940 3993 Mommsen]
958 3935 1050 4001 Fruge,
1077 3951 1129 3987 was
1153 3937 1289 4002 cigentlieh
1308 3941 1382 3991 Mure

183 4013 299 4071 bedrute,
317 4013 368 4065 will
386 4013 427 4064 icb
441 4013 487 4064 ibn
505 4013 552 4064 sul
566 4012 725 4065 hiolenburb
744 4015 808 4068 Celt.
828 4017 847 4065 1.
868 4017 891 4068 6.
907 4019 940 4067 66
955 4021 984 4070 N.
999 4022 1031 4071 66
1048 4022 1186 4072 verwicseu
1205 4023 1298 4086 buben,
1317 4040 1383 4076 wor-

182 4114 228 4149 sus
247 4098 406 4150 miudesteus
425 4099 466 4150 [ιιι
489 4104 591 4165 ιριιιιιιι
610 4100 698 4150 Zoiteu
720 4099 884 4165 hervorgeht‚
914 4103 972 4156 dsss
995 4104 1117 4158 deruntcr
1139 4109 1181 4158 eiu
1200 4108 1384 4173 Alpenti'ihrer

183 4182 335 4234 uersuudeu
354 4183 473 4238 worden:
510 4185 551 4234 sur
572 4184 622 4234 den
647 4187 801 4237 Mentusuer
824 4186 904 4251 Virgil
930 4189 969 4239 ein
993 4189 1071 4240 leiuht
1095 4193 1237 4257 moglicher
1258 4196 1383 4256 Zuusme,

184 4269 216 4319 ds
239 4267 305 4318 surb
329 4269 383 4318 seiu
402 4268 505 4319 Freuud
525 4269 625 4319 Plotius
648 4268 810 4335 dergleicbcu
836 4271 911 4323 einen
943 4274 1028 4325 tribrte
1047 4277 1214 4328 eutscbiedeu
1244 4278 1382 4331 celtischeu

185 4355 342 4419 Ursprungs,
363 4352 480 4403 simlich
498 4355 585 4406 Tucca
604 4353 621 4404 i.
640 4368 661 4406 e.
682 4355 793 4407 Crassus
811 4355 828 4406 1.
844 4356 950 4420 Celsus,
969 4361 993 4421 2,
1014 4360 1093 4412 446.“
1125 4364 1185 4414 Pott
1201 4362 1262 4415 hell.
1286 4364 1383 4431 Litrztg

189 4440 259 4489 1611.
280 4440 310 4488 Ν.
332 4438 378 4488 116
396 4452 420 4504 p.
438 4437 479 4488 66.
