2856 4876
600 174 805 228 Panemo.
1272 175 1318 216 vn

90 345 134 410 At
152 344 180 409 si
202 345 340 411 Romani
362 346 514 432 populari
532 368 589 412 suo
618 346 782 427 iacebant,
820 347 1019 414 recentiores
1050 366 1148 430 saepe
1165 343 1316 425 Aeneidis

89 448 292 532 proprietate
325 470 391 515 non
418 456 590 534 perspecta
617 457 650 517 et
681 450 814 516 Homeri
840 450 1059 517 admiratione
1085 447 1316 535 praeoccupati

88 551 230 635 iniquius
250 551 450 618 iudicabant.

174 655 244 720 Iam
262 655 361 738 siqui
381 677 421 721 ex
441 656 582 721 Homero
605 655 744 739 aliisque
761 677 833 722 eum
852 657 1009 741 pleraque
1026 653 1173 722 hausisse
1193 648 1313 734 dicunt,

87 757 305 842 posteriorum
328 760 457 824 omniuo
480 779 519 825 ea
540 759 685 825 condicio
709 765 774 840 est,
803 765 946 844 atquae
968 779 1052 824 nova
1072 758 1312 840 iurauerint,si

87 861 218 945 quando
238 860 281 928 ab
298 861 481 945 antiquiore
501 861 614 928 eadem
636 863 725 928 dicta
743 883 814 929 esse
843 869 1007 948 repertum
1028 863 1083 943 sit,
1119 862 1162 928 ab
1184 881 1223 927 eo
1252 881 1312 927 sua

87 964 261 1046 sumpsisse
282 963 440 1030 dicantur.
484 964 641 1048 Virgilius
661 971 770 1031 autem
791 965 872 1050 legit
901 971 935 1031 et
960 964 1204 1049 diligentissime
1232 964 1312 1047 legit

86 1067 220 1133 Homeri
242 1067 398 1148 carmina,
428 1072 462 1132 et
483 1069 586 1134 multa
607 1067 736 1150 didicit,
766 1069 829 1134 nisi
849 1068 935 1134 iorte
952 1073 1025 1134 erat
1041 1067 1154 1151 pingui
1171 1066 1310 1150 ingenio,

87 1171 144 1236 sed
171 1193 210 1236 ex
235 1170 379 1237 Homero
406 1192 470 1236 non
491 1169 601 1237 hausit
632 1193 685 1239 res
716 1192 808 1252 suas,
844 1171 955 1238 hausit
982 1170 1107 1237 venusti
1138 1176 1172 1236 et
1199 1169 1310 1235 decori

85 1273 280 1340 acerrimum
301 1271 473 1354 iudicium3
495 1273 675 1359 desumpsit
695 1275 794 1340 etiam
813 1295 866 1340 res
886 1273 1030 1358 singulas
1047 1273 1090 1339 ad
1106 1254 1309 1339 communem

86 1397 182 1442 usum
211 1376 419 1469 pertinentes.
463 1375 666 1461 Quamquam
694 1377 728 1442 in
757 1377 868 1443 multis
896 1378 978 1445 locis
998 1378 1055 1444 ubi
1075 1399 1185 1444 versus
1202 1382 1308 1441 traus-

85 1478 199 1545 tulisse
225 1479 359 1558 dicitur,
378 1477 554 1545 Homerum
571 1481 680 1570 potius
700 1479 843 1547 dicemus
864 1500 917 1563 res
937 1487 975 1547 ut
992 1487 1086 1548 erant
1102 1499 1254 1545 narrasse
1276 1481 1309 1543 et

85 1601 126 1647 ex
145 1581 220 1666 ipsa
240 1587 359 1647 natura
382 1583 591 1665 expressisse,
624 1589 662 1649 ut
685 1584 713 1650 si
740 1585 814 1668 quis
838 1605 938 1670 prave
964 1584 1071 1651 dicere
1097 1603 1163 1648 uon
1184 1581 1307 1661 mallet,

86 1684 200 1751 codem
222 1684 319 1751 modo
339 1685 446 1751 dicere
466 1690 644 1769 cogeretur.
688 1687 771 1766 Quin
788 1687 886 1753 etiam
900 1688 1055 1773 Virgilius
1067 1706 1164 1770 saepe
1180 1683 1308 1749 addidit

84 1788 197 1872 aliqua
214 1789 278 1872 ipsi
292 1793 429 1854 naturae
443 1795 625 1873 praerepta,
644 1789 749 1873 iisque
768 1811 820 1857 res
835 1792 961 1857 ornavit
971 1797 1005 1857 et
1016 1791 1117 1869 auxit,
1140 1793 1178 1853 ut
1191 1807 1306 1852 novam

85 1889 219 1956 afferret
246 1890 367 1974 legenti
399 1890 655 1958 delectationem.
699 1893 835 1972 Quando
857 1899 968 1960 autem
992 1893 1104 1960 eadem
1131 1888 1315 1975 repetenda·

85 2001 192 2074 eraut,
220 2014 305 2077 quae
327 2001 518 2060 narraverat
539 1995 717 2076 Homerus,
746 2017 830 2080 quaa
849 1995 939 2063 iacta
954 2003 1031 2062 sunt
1052 1994 1136 2062 bello
1158 1995 1306 2074 Troiano,

84 2096 129 2162 ad
147 2096 324 2162 Homerum
344 2118 404 2161 sua
424 2103 541 2181 aptare
560 2098 687 2164 solebat
708 2100 771 2180 ita,
807 2106 845 2167 ut
869 2111 987 2166 novum
1009 2098 1143 2182 aliquod
1163 2096 1305 2162 inferret

84 2198 321 2266 Alexandrinos
343 2207 451 2266 autem
468 2207 581 2285 poetas
600 2222 673 2267 eum
692 2203 856 2270 imitatum
882 2223 952 2269 esse
976 2223 1014 2268 eo
1041 2202 1146 2266 minus
1173 2199 1305 2265 obiicie-

84 2323 171 2382 mus,
212 2323 311 2385 quum
332 2304 373 2370 iis
398 2304 529 2388 poetica
552 2304 670 2370 virtute
695 2308 797 2374 multo
824 2306 1033 2392 praestiterit.
1075 2305 1142 2370 Nec
1163 2303 1304 2369 Graecos

83 2406 188 2472 solum
209 2407 266 2472 sed
287 2407 387 2472 multo
409 2406 513 2489 magis
533 2407 695 2474 Romanos
722 2411 867 2478 imitatus
897 2417 947 2476 est
973 2416 1069 2476 etex
1094 2428 1205 2473 eorum
1234 2426 1304 2470 car·

84 2508 224 2574 minibus
249 2510 338 2574 locos
377 2511 590 2592 exprompsit3
635 2513 722 2594 quod
755 2536 821 2598 qua
855 2514 969 2579 iecerit
1001 2512 1128 2578 ratione
1160 2510 1226 2575 iam
1264 2529 1304 2574 ex

84 2612 204 2677 Donati
225 2613 293 2678 vita
312 2613 512 2697 intelligitur,
534 2615 588 2698 qui
611 2615 781 2699 Virgilium
802 2639 842 2683 ex
859 2618 955 2683 Ennii
970 2621 1113 2682 stercore
1133 2634 1167 2678 se
1183 2611 1304 2678 dixisse

83 2721 199 2781 narrat
221 2716 389 2799 exquirere
408 2736 531 2781 aurum.
575 2717 665 2796 Quae
694 2741 794 2803 quum
820 2721 869 2786 ita
896 2720 975 2800 sint,
1014 2719 1042 2783 si
1070 2715 1199 2802 quando
1220 2715 1303 2779 alios

84 2819 232 2884 imitatus
252 2825 309 2899 est,
330 2819 378 2883 ita
395 2839 450 2883 eos
466 2819 612 2885 imitatus
630 2842 700 2886 esse
719 2821 977 2906 deprehenditur,
999 2827 1037 2887 ut
1053 2823 1198 2887 servaret
1210 2838 1304 2882 suum

84 2921 249 3001 iudicium,
267 2928 305 2988 ut
324 2924 458 3006 eligeret
477 2923 647 3006 aptissima
663 2930 697 2990 et
718 2926 850 3008 optima,
868 2932 906 2991 ut
926 2925 1058 3010 proprio
1078 2923 1189 3006 aliquo
1210 2919 1303 2987 addi·

82 3031 229 3092 tamento
255 3026 443 3091 immutaret
467 3026 740 3113 assuefaceret,
782 3028 911 3093 omuino
931 3030 979 3095 ita
1003 3029 1149 3094 imitatus
1169 3030 1232 3107 est,
1264 3028 1304 3089 ut

83 3149 179 3213 quem
201 3129 385 3194 imitaretur
406 3128 517 3212 aliqua
535 3150 575 3195 ex
595 3136 689 3214 parte
709 3133 928 3216 superarem).

82 3386 224 3437 sterblicira
245 3383 324 3436 Thai!
340 3388 527 3452 cinged'schcrt
542 3388 663 3453 worden,
691 3389 809 3440 nrimliclr
827 3389 943 3452 Aerraos,
974 3388 1022 3438 der
1039 3384 1220 3438 rinstcrblr‘clra
1238 3383 1302 3434 utar

83 3471 143 3530 [dis
167 3471 298 3537 Epirodan
319 3472 376 3522 aad
397 3472 644 3541 Bescdrer'brrngeo]
663 3456 737 3525 ¹zum
761 3474 926 3540 Vergb'ticrn
949 3473 1082 3538 gcbh'ebcn
1105 3474 1186 3523 andra
1221 3469 1249 3522 V
1250 3486 1300 3520 cr·

80 3557 281 3608 scholaster
304 3557 649 3627 Aostletili,p.1oo.
683 3561 810 3611 Sdmmtl.
832 3561 875 3612 W.
894 3562 941 3622 ll,
967 3576 994 3624 p.
1015 3560 1071 3610 too.
1105 3586 1140 3596 -
1170 3555 1300 3621 Equidem

81 3641 177 3695 dubito
197 3657 261 3694 num
279 3643 377 3708 legerit.
413 3645 478 3695 Nam
494 3654 520 3697 et
538 3646 686 3712 philologos
703 3647 738 3696 ita
757 3645 872 3698 iudicare
893 3645 979 3696 audivi
997 3645 1029 3696 de
1047 3644 1171 3711 Virgilio,
1195 3650 1224 3695 ut
1246 3655 1300 3693 noa

81 3729 176 3795 legisse
194 3745 239 3781 cos
258 3737 402 3794 appareret.

153 3836 182 3893 ⁵]
199 3833 248 3892 (Ut
270 3833 297 3883 in
319 3833 367 3884 hac
386 3835 561 3884 imitationum
578 3833 744 3898 indagatione
760 3833 858 3883 nimius
876 3831 926 3882 iuit
945 3833 1050 3884 Servius
1068 3831 1115 3894 (ci.
1133 3831 1213 3892 adio,
1235 3833 1299 3890 loo)

80 3933 111 3969 ac
130 3915 281 3968 Macrobius
300 3919 348 3981 [cl.
364 3921 417 3970 Sat.
432 3921 457 3982 6,
475 3921 505 3978 2)
525 3920 563 3970 sic
584 3920 661 3970 etiam
680 3933 751 3969 nuuc
767 3917 887 3969 homines
908 3918 1017 3969 modurn
1038 3917 1176 3981 excedunt,
1207 3921 1237 3966 ut
1253 3913 1300 3966 rio.

81 4000 217 4054 Macrobio
241 4005 385 4056 assentitur
406 4004 433 4055 iu
449 4004 474 4065 9,
489 4006 548 4056 672.
566 4012 592 4054 et
608 4003 668 4056 Wd.
684 4019 709 4071 p.
729 4004 792 4054 290:
827 4004 889 4068 „liei
912 4003 1005 4055 diesen
1022 4004 1132 4056 Worten
1150 4002 1198 4055 des
1215 4002 1299 4052 Sinon

80 4090 326 4158 vergegenwirtigta
347 4090 402 4142 sich
425 4089 472 4141 der
493 4090 621 4141 romische
639 4091 718 4141 Leser
739 4089 782 4140 dio
805 4087 942 4142 beriihmtc
960 4089 1040 4141 Stella
1063 4089 1134 4140 einer
1151 4088 1224 4140 Reda
1252 4084 1300 4136 das

82 4176 111 4226 C.
129 4175 264 4228 Gracchus
280 4190 327 4227 aus
345 4175 423 4237 Valla,
443 4175 540 4226 welche
558 4175 624 4226 auch
644 4176 697 4227 Cic.
715 4177 747 4228 dc
765 4191 801 4227 or.
819 4177 843 4240 3,
861 4177 884 4241 5.
902 4177 952 4228 214
969 4175 1103 4227 mittheilt:
1130 4169 1299 4226 ...Vorhild

81 4260 129 4313 des
147 4260 280 4313 Gracchus
299 4275 351 4312 wer
366 4260 464 4312 bercits
482 4260 610 4311 Ennius.“
631 4261 765 4314 Gracchus
781 4263 896 4328 igiturin
913 4276 1018 4313 summo
1035 4261 1115 4312 animi
1134 4258 1224 4310 dolore
1242 4272 1299 4309 om·

80 4347 210 4411 ninmquc
235 4360 322 4398 rerum
338 4345 522 4412 desperatione
544 4345 612 4411 apud
627 4347 741 4400 Ennium
763 4347 840 4400 verba
861 4347 990 4413 quaesivit
1013 4345 1111 4412 quihus
1132 4358 1187 4395 earn
1211 4348 1302 4409 posset

80 4431 181 4500 populo
199 4431 355 4497 significare.
390 4431 469 4498 Apud
491 4431 761 4485 misenantium
779 4435 804 4496 9,
830 4435 880 4485 lto
899 4432 997 4483 diensi
1014 4432 1241 4497 circumspiciant
1260 4435 1301 4482 ast

41 4542 45 4546 ·
81 4517 213 4573 cahtcdea
227 4517 327 4570 Pacuvii
339 4519 397 4578 224,
414 4517 516 4582 aliaque
531 4519 558 4568 iu
571 4519 630 4568 cius
650 4517 818 4580 „coriambus
836 4524 862 4570 et
879 4516 1074 4568 imitatoribns“
1085 4515 1227 4582 loquutur,
1239 4528 1316 4578 quus
