2856 4876
119 169 142 210 Χ
626 174 834 229 emesena.

125 346 271 428 regulam
298 344 436 410 aliorum
468 366 537 411 esse
562 344 682 411 volunt.
724 346 763 412 In
789 345 932 413 carmine
961 346 1063 430 igitur
1089 347 1183 432 epioe
1210 345 1346 412 deornm

126 449 343 514 interventum
372 449 591 515 necessarium
621 469 690 515 esse
715 449 892 515 censebant
920 455 1037 533 poetae
1067 449 1183 518 Graeci
1215 457 1250 517 et
1280 453 1345 516 Ro-

124 553 219 632 mani,
239 552 354 619 deinde
374 552 512 618 Romani
534 552 613 618 deos
630 551 704 619 illos
724 573 795 618 esse
808 552 991 618 credebant
1034 552 1141 631 Quare
1158 555 1247 638 quod
1266 553 1345 622 deos

123 656 258 720 carmini
280 676 339 720 suo
359 655 514 738 Virgilius
533 655 689 736 intulerit,
706 654 988 739 reprehendendus
1008 677 1073 721 non
1095 663 1157 739 est3
1175 660 1345 742 quaeritur

123 762 265 838 tantum,
306 780 371 842 qno
397 758 432 823 id
454 757 569 824 fecerit
597 758 704 824 modo.
747 759 876 842 Virgilii
913 762 1022 824 autem
1055 765 1203 844 tempore
1240 762 1344 828 multo

122 864 218 928 ahter
242 863 386 928 homines
410 860 451 926 de
478 860 541 926 diis
568 860 773 943 iudicabant,
801 883 898 945 quam
922 868 1068 946 tempore
1089 862 1231 930 Homeri
1273 865 1344 930 Iam

122 987 205 1050 quae
223 972 293 1030 tum
313 965 354 1030 de
374 963 508 1030 deorum
529 965 676 1045 numine,
702 985 786 1046 qnae
807 964 848 1031 de
868 964 981 1031 mundi
1004 963 1239 1048 gubernatione
1256 974 1344 1034 certo

121 1070 163 1136 ab
183 1068 318 1135 eruditis
337 1067 464 1134 credita
483 1067 558 1147 sint,
579 1088 619 1133 ex
634 1068 812 1150 praeclaris
831 1069 898 1134 illis
915 1067 956 1134 de
972 1068 1234 1136 naturadeorum
1249 1070 1343 1138 libris

122 1173 350 1254 intelligimus,
390 1191 472 1254 quos
492 1171 623 1256 scripsit
642 1171 763 1238 Cicero.
807 1171 960 1256 Virgilius
985 1177 1094 1238 antem
1118 1174 1286 1258 opiniones
1310 1178 1344 1240 et

122 1278 172 1342 sui
193 1275 352 1359 temporis
372 1279 406 1340 et
424 1273 512 1340 illius
533 1273 621 1356 quod
647 1273 851 1340 describebat
884 1273 1013 1341 fabulas
1038 1282 1114 1343 ante
1143 1279 1248 1344 multa
1271 1298 1342 1343 sae·

121 1380 195 1444 cula
213 1384 303 1444 ortas
325 1382 358 1442 et
380 1377 648 1462 philosophorum
668 1377 710 1443 de
730 1377 793 1443 diis
822 1377 1000 1444 sententias
1029 1380 1223 1463 coniungere
1246 1380 1343 1459 debe·

121 1482 188 1547 bat.
231 1482 346 1564 Itaque
366 1480 499 1546 deorum
521 1481 590 1546 iere
613 1501 739 1546 omnem
767 1480 856 1547 tollit
882 1480 1108 1548 interventum.
1152 1484 1344 1550 Consultant

122 1591 157 1650 et
174 1584 355 1648 deliberant
376 1582 417 1648 de
437 1583 603 1649 hominum
629 1582 786 1648 felicitate
815 1589 848 1649 et
871 1582 1061 1665 infortunio,
1093 1593 1128 1652 et
1147 1608 1188 1654 ex
1207 1586 1266 1652 illa
1288 1586 1342 1652 de·

121 1687 313 1752 liberatione
339 1707 423 1769 quae
449 1693 626 1770 sequuntur
650 1686 794 1752 homines
817 1689 974 1768 sentiunt3
1011 1688 1131 1754 adsunt
1157 1690 1342 1756 hominibus

126 1797 160 1855 et
180 1792 263 1855 vires
280 1789 481 1869 ministrant,
503 1789 560 1855 sed
583 1790 646 1870 ita,
667 1795 705 1855 ut
722 1790 764 1856 ab
785 1791 826 1856 iis
845 1812 910 1858 non
930 1800 1165 1875 agnoscantur;
1194 1794 1223 1860 si
1239 1792 1340 1858 homi·

123 1892 220 1958 nibus
240 1897 416 1976 apparent,
436 1893 542 1959 aliena
563 1892 648 1959 facie
666 1892 860 1975 induuntur,
887 1901 921 1960 et
938 1893 1034 1960 modo
1052 1894 1244 1962 decedentes
1262 1915 1340 1961 suae

123 1996 301 2062 divinitatis
328 1994 461 2080 aliquod
484 1997 609 2081 signum
633 1995 713 2062 dare
736 1997 854 2077 solent,
888 2002 927 2062 ut
953 2017 993 2062 ea
1015 1997 1050 2062 in
1070 2018 1107 2063 re
1128 1999 1284 2083 Virgilius
1308 2004 1341 2064 et

122 2101 306 2184 aequalium
325 2099 509 2181 opiniones,
534 2099 591 2183 qui
608 2100 777 2185 auspicato
797 2101 905 2166 omnia
924 2099 1133 2184 incipiebant,
1155 2107 1189 2168 et
1209 2101 1340 2165 hnmani

121 2205 220 2270 animi
238 2202 379 2269 indolem
396 2203 587 2285 respexerit,
618 2203 675 2286 qui
695 2201 806 2269 subita
828 2225 864 2269 re
891 2204 940 2295 ita
966 2209 1127 2285 movetur,
1154 2210 1192 2270 nt
1222 2206 1340 2269 mirum

122 2308 256 2390 aliquod
274 2313 308 2371 et
327 2306 470 2370 divinum
490 2305 587 2371 iacile
603 2313 770 2388 agnoscat
813 2307 920 2385 Quare
948 2327 1048 2390 quum
1080 2307 1126 2373 dii
1156 2306 1340 2373 describan-

123 2417 190 2490 tur,
205 2411 317 2495 quales
339 2408 477 2474 Romani
495 2407 669 2489 habebant,
688 2428 791 2492 eaque
812 2408 928 2491 fecere,
949 2430 1033 2494 quae
1053 2408 1162 2477 iecere
1180 2410 1340 2495 putaban-

123 2521 193 2592 tur,
219 2500 294 2579 Qon
326 2533 365 2576 ea
400 2515 451 2576 cst
482 2509 614 2576 deorum
646 2511 816 2591 mactatio,
851 2518 889 2578 ut
922 2512 1077 2597 Virgilius
1105 2535 1237 2580 carmen
1266 2515 1341 2598 igne

124 2617 256 2698 dignum
277 2613 397 2679 habere
420 2614 580 2698 potuerit3
620 2612 677 2678 sed
702 2614 757 2697 qui
781 2635 905 2682 summa
931 2637 1009 2682 cura
1029 2638 1095 2683 non
1116 2623 1222 2684 totum
1243 2619 1340 2683 modo

123 2741 265 2798 carmen,
304 2717 364 2782 sed
392 2717 536 2800 singulos
566 2737 676 2782 versus
705 2718 889 2786 excoluerat
916 2724 949 2785 et
975 2721 1172 2804 expoliverat
1187 2722 1228 2806 ⁷),
1244 2742 1341 2806 aegro

211 2981 240 3039 ²)
256 2979 377 3027 Donatus
396 2976 439 3027 vit.
458 2976 529 3041 Virg.
548 2976 596 3040 lll,
617 2977 663 3027 33:
701 2977 809 3043 „Osirim
830 2977 962 3044 Georgica
979 2980 1114 3042 scriberet,
1133 2980 1258 3031 truditur
1274 2998 1339 3047 quo-

122 3065 189 3115 tidie
207 3062 354 3113 meditatos
372 3076 453 3112 mune
464 3062 598 3128 plurimos
615 3078 708 3112 versem
724 3063 829 3114 dicture
846 3064 955 3122 solitus,
984 3081 1017 3115 uc
1035 3081 1086 3131 per
1104 3070 1192 3116 totum
1210 3066 1279 3116 diem
1297 3083 1339 3117 re-

123 3148 269 3200 tractando
288 3147 324 3197 cd
340 3148 517 3213 paucissimos
533 3147 662 3214 redegere,
682 3165 735 3199 non
752 3149 866 3200 absurde
887 3165 996 3200 carmen
1012 3167 1041 3200 se
1057 3166 1139 3202 ursue
1154 3166 1228 3202 more
1239 3168 1340 3217 parere

121 3237 211 3286 dicens
226 3239 254 3283 ct
271 3232 408 3282 lembcndo
424 3231 530 3282 demum
548 3235 684 3300 effingere.
713 3263 748 3272 -
766 3238 816 3301 qui
834 3235 898 3286 dum
915 3237 1057 3300 scriberet,
1075 3253 1107 3287 ne
1125 3237 1192 3303 quid
1208 3240 1340 3302 impetum

122 3324 293 3380 moraretur,
323 3316 456 3383 quaedum
474 3318 634 3382 imperfecte
651 3321 776 3387 reliquit,
807 3322 866 3373 ulia
885 3320 1025 3371 leuissimis
1042 3323 1160 3373 uersibus
1177 3323 1265 3373 ueluti
1273 3324 1339 3388 sul-

120 3409 167 3470 sit,
188 3420 255 3471 quor
269 3419 320 3469 per
338 3405 427 3452 iocum
443 3419 494 3467 pro
514 3404 613 3469 tigillis
631 3406 672 3456 ccl
691 3407 847 3456 tibicinibus
864 3409 1002 3473 interponi
1019 3423 1036 3456 a
1054 3424 1082 3456 se
1099 3406 1212 3468 dicebat,
1228 3409 1266 3457 ud
1281 3426 1339 3459 sus-

122 3491 261 3542 tinendum
280 3504 361 3553 opere,
386 3486 470 3536 donec
485 3489 590 3540 solidae
615 3490 757 3542 columnae
774 3492 958 3543 reuenirent?
991 3521 1025 3529 —
1058 3491 1159 3542 Gellius
1181 3494 1268 3557 XVll,
1293 3496 1337 3545 lb:

122 3578 214 3627 Amici
222 3573 440 3639 familiaresque
457 3573 485 3624 P.
504 3573 618 3640 Virgilii
633 3579 660 3625 in
684 3576 725 3626 bis
744 3594 815 3642 quae
836 3577 868 3627 de
887 3580 997 3642 ingenio
1020 3579 1193 3644 moribusque
1210 3583 1267 3629 eius
1286 3599 1339 3631 me-

122 3666 225 3713 morius
245 3658 428 3720 tradiderunt,
447 3658 536 3710 dicere
556 3677 615 3712 eum
632 3662 744 3712 solitum
755 3662 872 3726 serunt,
898 3678 996 3727 parere
1013 3679 1147 3713 reuersus
1164 3680 1239 3715 more
1256 3671 1340 3731 atque

122 3752 180 3799 ritu
201 3749 309 3796 ursino:
331 3758 449 3808 namque
465 3751 500 3796 ut
514 3747 564 3796 illu
584 3749 792 3812 bestiusoedum
815 3749 906 3799 ederet
922 3748 1122 3813 inqsjigiatum,
1142 3750 1340 3815 informemque

122 3832 261 3882 lambendo
279 3829 308 3880 id
321 3833 431 3895 postea,
460 3831 533 3896 quod
549 3835 591 3882 itu
609 3833 748 3896 edidisset,
777 3834 964 3898 conformaret
978 3835 1147 3899 elfingeret,
1164 3834 1279 3902 proinde
1297 3839 1337 3885 in-

118 3921 194 3984 genii
211 3933 317 3982 quoquc
333 3919 488 3982 suipertus
504 3923 621 3968 recentes
637 3918 703 3970 rudi
725 3935 778 3968 esee
791 3917 871 3982 secie
889 3925 917 3969 et
939 3919 1114 3986 imperfecte.-
1152 3919 1200 3969 scd
1215 3918 1337 3985 deinceps

121 4002 268 4054 tractando
292 4001 455 4067 colendoque
474 4001 583 4052 reddere
612 4006 647 4053 iis
669 4021 697 4054 se
717 4007 772 4054 oris
793 4009 821 4054 et
843 4005 938 4055 uultus
959 4003 1129 4054 linamente.
1165 4004 1220 4054 Hoc
1248 4006 1337 4054 uirum

121 4089 219 4139 iudicii
233 4087 405 4137 subtilissimi
420 4091 536 4153 ingenue
554 4093 637 4154 utque
654 4106 714 4140 uere
729 4090 831 4140 dimisse
847 4107 889 4141 res
907 4089 1037 4139 iudicium
1051 4089 1138 4153 sccii.
1173 4088 1246 4140 Num
1268 4106 1339 4154 perae

121 4176 236 4239 reliquit
256 4173 379 4237 perfectu
401 4175 576 4240 expolitaque
604 4175 752 4240 quibusque
774 4178 902 4242 imposuit
924 4191 1018 4225 census
1044 4181 1128 4241 utque
1156 4175 1271 4226 dilectus
1293 4179 1338 4225 eui

120 4275 274 4325 supremum
291 4273 409 4320 monum,
427 4263 500 4310 omni
515 4261 639 4325 poeticus
655 4266 808 4312 cenrertutis
827 4261 908 4311 laude
919 4261 1039 4324 βοωπις
1074 4263 1121 4311 sed
1137 4277 1207 4328 quae
1221 4277 1336 4327 proceru-

120 4349 226 4395 stinutu
238 4349 305 4393 erunt
313 4345 345 4393 ub
359 4361 396 4405 eo,
407 4350 509 4411 etpost
520 4351 730 4408 recenserentur,
752 4352 779 4396 et
787 4347 895 4408 ebroici,
912 4348 1042 4411 quonium
1054 4363 1127 4397 mors
1135 4352 1335 4414 praeverterat,

122 4435 307 4496 nequiverunt,
327 4446 499 4497 nequaquam
514 4435 662 4496 poetarum
684 4431 879 4496 elegantissimi
895 4433 1002 4482 nomine
1022 4433 1108 4498 digna
1127 4439 1200 4484 erent.
1242 4435 1338 4500 ltaque

122 4533 203 4580 quum
218 4517 308 4567 morbo
323 4533 465 4583 oppressus
479 4515 627 4568 aduentare
643 4521 756 4566 mortem
775 4517 883 4580 uideret,
897 4521 997 4584 petiuit
1013 4522 1156 4584 oravitque
1167 4535 1184 4569 c
1199 4522 1258 4570 suis
1270 4521 1338 4569 urrei-
